2844 4944
1405 312 1443 378 7

339 497 409 563 in
449 496 645 563 variis
685 495 916 586 plantis
959 495 1329 563 discrimina
1364 498 1787 585 reperiuntur,
1829 505 1986 585 quot
2022 507 2230 586 notas,
2271 510 2341 569 ut
2377 502 2508 573 alia

339 606 653 691 omittam,
695 606 836 694 jam
883 605 1076 671 flores
1118 603 1399 692 foliaque
1443 605 1750 673 exhibent
1763 605 1797 672 ⁴?
1882 606 2304 689 Quantumvis
2345 632 2506 681 vero

336 714 502 781 inter
553 736 625 782 se
672 712 1033 802 plantarum
1074 713 1332 779 ordines
1369 721 1561 802 atque
1600 713 1884 783 familiae
1927 715 2242 803 differant,
2280 726 2501 789 tamon

341 845 563 891 earum
601 822 878 890 varietas
919 822 1179 889 minime
1222 822 1672 909 comparabilis
1711 832 1807 891 est
1834 847 1980 890 cum
2005 824 2402 893 multitudine
2443 836 2508 897 ct

341 930 779 1019 magnitudine
821 930 1349 1016 differentiarum,
1392 952 1559 1018 quae
1601 933 1767 999 inter
1808 933 2096 1005 diversas
2138 936 2512 1009 animalium

340 1037 579 1107 classes
616 1038 1036 1107 intercedunt.
1122 1039 1399 1125 Quanta,
1440 1049 1509 1111 ut
1547 1064 1744 1108 unum
1777 1042 2209 1137 tantummodo
2237 1045 2507 1113 afferam

340 1147 701 1236 exemplum
743 1170 829 1215 cx
868 1170 998 1214 una
1039 1147 1397 1236 eademque
1439 1148 1645 1218 classe
1686 1152 1949 1239 petitum
1963 1199 1982 1235 ,
2022 1151 2190 1219 inter
2216 1151 2409 1221 felem
2443 1162 2510 1221 ct
2538 1187 2549 1202 ·

339 1278 569 1323 canem
610 1257 824 1325 existit
870 1256 1207 1324 diversitas
1222 1257 1257 1323 ‘2

500 1364 678 1430 Inter
718 1384 938 1433 omnes
978 1372 1191 1431 autem
1231 1364 1601 1433 animalium
1630 1365 1872 1435 classes
1901 1368 2221 1456 separatio
2247 1367 2335 1435 ab
2365 1368 2508 1439 aliis

336 1495 654 1561 nusquam
712 1482 848 1541 tam
907 1473 1247 1561 perspicue
1311 1483 1583 1562 apparet
1632 1497 1824 1563 quam
1874 1477 1944 1541 in
1993 1476 2244 1545 avibus.
2327 1475 2508 1547 Aves
2598 1460 2619 1483 ⁹

339 1582 511 1649 enim
551 1582 759 1648 forma
798 1590 988 1668 atque
1029 1583 1244 1670 specie
1285 1583 1379 1649 ita
1418 1606 1463 1650 a
1503 1585 1734 1653 ceteris
1776 1584 2158 1652 animalibus
2188 1584 2510 1669 differunt,

337 1697 407 1757 ut
447 1690 650 1755 omnis
691 1691 1056 1756 accuratior
1096 1690 1438 1779 descriptio
1468 1693 1625 1780 ejus,
1666 1693 1842 1779 quod
1868 1715 2066 1761 avem
2085 1691 2501 1782 appellamus,

338 1795 448 1882 illi,
501 1798 610 1884 qui
651 1797 851 1865 semel
888 1797 1013 1865 hoc
1057 1798 1296 1867 animal
1333 1799 1595 1884 viderit,
1642 1823 1853 1888 paene
1903 1803 2159 1869 omnino
2201 1822 2505 1891 superva-

339 1926 544 1973 canea
583 1907 683 1975 sit.
767 1905 974 1972 Aliter
1012 1906 1210 1974 habet
1246 1908 1315 1973 in
1358 1908 1589 1973 ceteris
1618 1909 2001 1976 animalibus
2043 1920 2107 1976 et
2131 1910 2512 1999 praesertim

337 2015 407 2080 in
459 2013 770 2082 classibus
816 2015 1230 2083 inferioribus
1244 2065 1262 2100 ,
1326 2015 1441 2083 ubi
1492 2015 1573 2082 de
1613 2017 1859 2084 ratione
1902 2017 2187 2105 singulas
2228 2017 2512 2089 familias

340 2121 749 2211 disponendi,
791 2131 1081 2193 auctores
1122 2108 1387 2191 multum
1430 2123 1805 2213 disceptant,
1847 2134 2037 2213 atque
2076 2126 2239 2195 adeo
2282 2127 2504 2195 etiam-

337 2252 508 2296 nunc
549 2231 892 2316 incertum,
941 2232 1291 2320 Lepidota,
1343 2254 1510 2320 quae
1550 2255 1756 2322 nuper
1795 2233 1864 2299 in
1902 2235 2243 2323 paludibus
2288 2244 2352 2300 et
2389 2235 2506 2303 flu-

338 2337 616 2404 minibus
671 2360 874 2405 zonae
925 2339 1180 2407 mediae
1230 2340 1495 2406 Africae
1549 2349 1614 2407 et
1650 2340 1991 2408 Americae
2045 2345 2306 2410 inventa
2346 2352 2509 2428 sunt,

339 2453 547 2512 utrum
597 2445 665 2511 in
719 2446 1091 2536 amphibiis,
1113 2448 1171 2534 ¹)
1237 2470 1320 2518 an
1370 2449 1450 2516 in'
1489 2448 1775 2538 piscibus
1793 2449 1855 2536 ²)
1910 2451 2310 2520 numeranda
2361 2451 2505 2519 sint.

340 2555 512 2638 Quin
553 2556 744 2621 etiam
774 2579 861 2622 ex
878 2556 1219 2646 amphibiis
1245 2558 1573 2624 Linnaeus
1602 2557 1858 2624 demum
1886 2559 2157 2628 classem
2182 2563 2507 2650 propriam

342 2659 711 2752 composuit.

507 2770 815 2854 Quamvis
855 2771 1009 2839 vero
1052 2772 1396 2841 admodum
1439 2782 1663 2862 aperta
1701 2774 1782 2840 sit
1836 2783 1899 2841 et
1952 2776 2250 2846 distincta
2291 2782 2510 2847 avium

340 2902 382 2945 a
422 2880 652 2945 ceteris
696 2881 1076 2948 animalibus
1115 2883 1452 2972 sejunctio,
1492 2881 1710 2948 tamen
1738 2905 1774 2949 e
1803 2905 2041 2972 magna
2066 2886 2319 2954 illa-rum
2345 2891 2511 2966 inter

340 3010 412 3056 se
454 2987 904 3075 aequabilitate
945 2985 1118 3057 haud
1160 2992 1435 3079 exiguae
1476 2989 1664 3058 nobis
1705 2994 2179 3079 systematicum
2221 2998 2510 3064 ordinem

344 3075 865 3163 constituentibus
906 3095 1263 3166 redundant
1304 3099 1726 3168 difficultates.
1813 3100 2000 3183 Quae
2051 3115 2325 3191 quantae
2367 3108 2509 3192 sint,

343 3226 564 3272 omnes
606 3213 668 3271 et
696 3206 1276 3292 antiquissimorum
1319 3217 1380 3274 et
1410 3216 1769 3274 nostrorum
1796 3216 2151 3299 temporum
2180 3215 2509 3304 zoologiae

341 3314 829 3401 investigatores
871 3324 1017 3380 sunt
1058 3317 1323 3406 experti.
1411 3315 1524 3383 Sic
1562 3316 1964 3385 Aristoteles:
1983 3319 2043 3406 ³)
2100 3335 2364 3414 (ὄρνιθες)
2390 3339 2508 3415 mgr

344 3437 405 3493 δὲ
438 3435 616 3512 μόρια
649 3438 813 3508 <fuya
849 3438 1179 3514 διαφέροντα
1220 3442 1441 3511 ἔχουσιν
1483 3441 1764 3511 ἀλλήλων·
1814 3437 1953 3516 πρός
1993 3444 2052 3499 δέ
2099 3442 2165 3499 ‘ta'
2211 3413 2353 3504 dne
2400 3447 2542 3521 (oia-

342 3528 439 3586 aaz
471 3527 537 3620 ῗῖῖ
565 3528 756 3603 μθρσί
787 3529 895 3584 ⁷⁰3¹*
928 3535 1143 3606 μορίων
1177 3531 1540 3607 δἀφὲρονσῡν
1653 3536 1955 3604 Similiter
1996 3538 2340 3626 Ouvjerss)
2404 3542 2510 3618 De

479 3732 539 3797 1)
563 3731 765 3798 Vogt.
834 3753 841 3758 ·

480 3814 535 3880 2)
565 3813 801 3870 Mueller

476 3899 551 3965 3)
561 3897 645 3949 De
677 3902 810 3966 part.
840 3916 925 3962 an.
959 3901 1076 3954 Lib.
1109 3900 1200 3965 IV,
1232 3916 1347 3967 cap.
1384 3903 1463 3952 12.
1496 3917 1619 3970 pag.
1653 3906 1766 3955 692.
1798 3904 1898 3958 Ed.
1931 3904 2129 3971 quk.
2341 3937 2347 3952 f

480 3982 535 4047 4)
566 3982 647 4032 Le
677 3978 836 4050 regne
869 3985 1066 4040 animal
1098 3983 1151 4037 di
1152 3982 1349 4040 stribue
1379 3985 1427 4038 d'
1433 3984 1584 4053 apres
1616 4003 1714 4040 son
1734 3987 2302 4056 organisation.'l?.1,
2314 4005 2366 4056 p.
2383 3943 2510 4046 300
