2844 4944
1376 343 1459 409 14

336 548 580 616 genere
622 526 927 610 dicamus,
969 525 1144 612 quod
1181 525 1251 591 in
1291 523 1454 590 duas
1496 523 1801 590 dividitur
1840 523 2112 612 species,
2154 515 2412 590 oscines
2443 532 2520 589 et

335 634 548 719 alites3
601 634 855 701 illarum
894 635 1124 722 generi
1165 641 1385 699 cantus
1428 633 1586 717 oris,
1639 631 1741 697 his
1791 631 2165 719 magnitudo
2209 631 2508 698 differen-

333 746 493 810 fiam
531 742 774 810 dedit.“
852 741 1121 808 Frustra
1168 741 1292 807 hoc
1335 741 1485 806 -loco
1534 737 1748 828 legem
1799 763 1879 807 ac
1927 742 2243 810 rationem
2294 740 2509 829 dispo·

334 851 543 918 nmdi‘
583 871 780 940 supra
822 859 1244 918 memoratam
1293 851 1860 938 circumspicimus.
1944 849 2081 916 Sed
2129 871 2213 914 ne
2266 850 2334 914 in
2377 844 2515 915 hac

338 959 599 1048 quidem
636 960 850 1048 posita
886 966 1114 1024 norma
1136 964 1531 1046 perseverat,
1572 978 1723 1023 nam
1755 978 1944 1046 pavo,
1986 980 2196 1042 anser,
2239 955 2513 1042 ciconia,

340 1068 620 1156 denique
665 1066 966 1151 hirundo,
1026 1066 1336 1154 palumbe
1384 1064 1680 1153 aliaeque
1732 1066 2036 1154 deinceps
2089 1067 2514 1131 excutiuntur.

337 1177 487 1242 Non
527 1175 713 1241 aliter
739 1175 821 1241 de
852 1175 1174 1241 oscinibus
1203 1175 1357 1260 agit,
1398 1173 1513 1239 ubi
1550 1194 1707 1240 casu
1748 1169 2001 1240 fortuito
2041 1182 2389 1240 commotus
2409 1179 2431 1215 ¹
2447 1173 2515 1258 ⁸)

339 1283 699 1350 alcedinem
737 1284 907 1349 inter
944 1283 1086 1348 illas
1128 1282 1454 1348 describit.
1538 1279 1887 1349 Praeterea
1913 1285 2290 1372 saepissime
2319 1284 2511 1350 mira-

334 1393 497 1460 bffia
531 1396 888 1458 narrantur.
954 1391 1086 1476 Sic,
1128 1400 1199 1456 ut
1236 1390 1435 1456 multa
1474 1388 1609 1457 alia
1645 1389 1744 1456 his
1786 1387 2022 1458 similia
2049 1392 2297 1457 silentio
2325 1412 2511 1479 prae-

334 1510 676 1586 tereamus,
715 1503 786 1566 in
827 1523 970 1588 cap.
1009 1499 1135 1564 IX.
1175 1499 1474 1564 traditur:
1516 1499 1824 1586 „coccyx
1866 1523 1951 1565 ex
1992 1501 2302 1588 accipitre
2328 1491 2509 1564 v'ide·

336 1618 442 1675 tur
475 1609 641 1694 fieri,-
681 1618 968 1696 tempore
1009 1606 1164 1673 anni
1201 1607 1477 1694 figuram
1516 1616 1785 1691 mutans,
1839 1609 2139 1695 quoniam
2187 1601 2357 1672 tunc‘
2380 1628 2515 1671 non

336 1725 652 1805 apparent
685 1716 936 1803 reliqui,
975 1715 1103 1781 nisi
1142 1736 1455 1803 perquam
1493 1716 1720 1802 paucis
1762 1715 2023 1799 diebus;
2074 1717 2216 1804 ipse
2258 1707 2515 1804 'quoque

336 1824 592 1891 modico
630 1833 918 1913 tempore
960 1826 1219 1890 aestatis
1257 1824 1434 1889 visus
1471 1844 1603 1889 non
1644 1825 1924 1889 cernitur
1960 1824 2249 1913 postea.“

356 1960 374 1989 .·
500 1930 699 1999 Tales
747 1954 908 2000 vero
947 1931 1140 1999 Plinii
1186 1931 1624 2020 negligentiae
1679 1954 1759 1999 eo
1798 1934 2011 2021 magis
2052 1927 2379 2000 mirabiles
2416 1933 2512 1999 vi-

341 2041 601 2126 dentur,
660 2041 838 2128 quod
884 2042 954 2106 in
1003 2041 1146 2107 aliis
1197 2040 1360 2106 locis
1411 2039 1737 2125 videmus,
1803 2063 1950 2106 eum
2000 2038 2263 2108 minime
2305 2035 2519 2112 omnia

341 2157 588 2215 temere
637 2148 1010 2215 credidisse.
1109 2147 1223 2215 Sic
1273 2150 1342 2214 in
1394 2149 1604 2236 capite
1662 2146 2159 2237 quadragesimo
2206 2170 2377 2221 nono
2401 2144 2406 2149 ’
2432 2149 2525 2214 de

345 2257 647 2345 seopibus
669 2255 772 2342 ¹⁴)
833 2256 918 2322 ab
977 2257 1263 2323 Homero
1326 2254 1861 2323 commemoratis:
1924 2260 2368 2343 „nominantur
2428 2257 2517 2323 ab

344 2365 632 2447 Homero
668 2386 920 2450 scopes,
963 2367 1180 2432 avium
1207 2387 1432 2454 genus,
1458 2388 1672 2454 neque
1697 2365 1926 2432 harum
1952 2368 2266 2454 satyricos
2292 2360 2517 2431 modos

345 2482 576 2559 motus,
619 2496 765 2539 cum
803 2475 1203 2560 insidientur,
1243 2475 1568 2563 plerisque
1609 2484 1992 2541 memoratos
2045 2474 2237 2542 facile
2290 2495 2517 2541 conce·

349 2584 559 2671 pei-im
594 2591 828 2667 mente,
873 2603 1086 2669 neque
1114 2584 1258 2670 jam
1298 2605 1455 2649 aves
1494 2593 1861 2650 noscuntur.
1947 2578 2383 2667 Quamobrem
2424 2582 2517 2649 de

346 2691 746 2757 confessis
787 2688 1272 2756 disseruisse
1310 2687 1879 2778 praestiterit.“
2226 2706 2234 2711 ’

504 2799 618 2867 Ex
654 2800 736 2864 iis
774 2799 989 2885 igitur,
1032 2819 1201 2885 quae
1225 2798 1417 2865 modo
1447 2797 1745 2885 diximus,
1788 2802 1942 2866 satis
1982 2799 2253 2889 intelligi
2286 2808 2518 2888 potest,

345 2910 542 2995 qnam
587 2909 895 2996 exiguum
943 2905 1156 2972 locum
1208 2903 1453 2973 Plinius
1503 2908 1672 2972 inter
1718 2928 1934 2974 rerum
1987 2905 2371 2974 naturalium
2421 2909 2517 2972 in-

350 3018 771 3104 vestigatores
831 3023 1075 3099 teneat3
1137 3023 1419 3081 attamen
1483 3037 1642 3103 opus
1692 3018 1829 3105 ejus
1840 3067 1859 3102 ,
1921 3038 2115 3104 quum
2176 3018 2415 3126 fontes,
2478 3036 2518 3081 e

345 3124 575 3211 quibus
617 3133 719 3189 est
763 3123 1090 3208 haustum,
1144 3122 1381 3211 perditi
1434 3124 1588 3208 sint,
1647 3119 1952 3193 momenti
2001 3134 2099 3190 est
2146 3121 2415 3191 maximi
2455 3132 2522 3191 et

343 3232 633 3319 inpumis
690 3233 764 3297 in
814 3230 1251 3318 ornithologia
1300 3231 1663 3297 laudandus
1712 3241 1810 3298 est
1858 3242 2081 3300 auctor
2128 3254 2259 3298 non
2304 3232 2517 3317 modo,

349 3339 550 3427 qnod
579 3359 1004 3427 permagnam
1064 3340 1466 3405 enumeravit
1523 3341 1741 3406 avium
1800 3342 2291 3427 multitudinem,
2343 3356 2523 3430 quas

347 3469 466 3513 ns
490 3468 622 3515 non
645 3469 870 3514 omnes
895 3449 1180 3537 reperire
1208 3456 1274 3513 et
1294 3469 1763 3537 recognoscere
1800 3452 2136 3539 possimus,
2168 3442 2297 3516 sed
2322 3440 2520 3515 multo'

348 3557 562 3645 magis
613 3555 857 3623 ideirco
869 3606 889 3643 ,
951 3557 1107 3644 quia
1155 3557 1399 3644 primus
1448 3575 1653 3646 genus
1705 3561 1994 3625 oscinum
2015 3564 2038 3601 ¹
2055 3555 2115 3645 ι)
2180 3560 2520 3645 constituit,

455 3827 538 3898 13)
568 3829 688 3883 Nat.
722 3831 842 3884 hist.
872 3832 992 3887 Lib.
1025 3832 1092 3896 X,
1126 3847 1241 3898 cap.
1273 3834 1356 3884 32.
1388 3832 1489 3884 Ed.
1524 3831 1689 3901 Sillig.

453 3911 540 3981 14)
571 3911 739 3979 Nunc,
769 3920 832 3965 ut
860 3919 1042 3966 notum
1074 3920 1170 3979 est,
1203 3917 1404 3982 species
1438 3917 1655 3983 strigum
1686 3917 1788 3968 hoc
1819 3916 2029 3968 nomine
2060 3914 2395 3985 significatur.
