2844 4944
1429 316 1474 384 9

373 502 667 573 habuerit
708 510 774 569 et
812 501 871 568 si
911 498 1083 589 quod
1121 499 1446 587 habuerit,
1488 501 1676 589 quale
1705 501 1789 567 sit
1815 482 2089 567 secutus.
2182 497 2314 583 Qui
2339 506 2557 567 tamen

370 614 516 702 ejus
559 633 824 701 operum
865 608 1144 697 aliquam
1180 618 1409 675 nactus
1461 619 1560 677 est
1608 609 2070 698 cognitionem,
2125 606 2319 674 facile
2370 607 2554 675 intel-

374 720 632 804 lexerit,
686 740 832 785 eum
878 704 948 783 in
989 716 1420 805 descriptione
1463 718 1833 787 animalium
1870 725 2072 784 totam
2114 715 2558 804 quaestionem

377 828 465 896 ab
507 828 720 915 aliquo
750 847 997 914 organo
1021 835 1134 892 aut
1156 827 1550 915 proprietate
1578 826 1904 894 deducere
1931 846 2203 912 eamque
2230 845 2351 913 per
2373 825 2558 892 varia

378 935 749 1003 animalium
790 956 1037 1023 genera
1079 943 1158 1020 et,
1213 934 1386 1022 quod
1437 957 1568 1002 non
1617 956 1766 1002 raro
1806 935 1907 1019 fit,
1962 929 2317 1000 secundum
2357 955 2554 1021 gene-

375 1043 545 1110 rales
588 1042 827 1109 classes
878 1044 1182 1132 persequi
1234 1042 1465 1109 solere.
1552 1044 1764 1127 Quam
1825 1040 2085 1131 quidem
2148 1040 2560 1109 describendi

374 1153 553 1219 viam
573 1174 644 1217 se
666 1174 921 1240 semper
939 1150 1200 1238 ingredi
1224 1173 1571 1217 consuesse
1600 1154 1740 1241 ipse
1768 1151 2031 1236 indicat,
2060 1170 2256 1239 quum
2283 1151 2470 1217 dicit:
2490 1149 2555 1236 ⁸)

380 1253 693 1331 ἀναγκαῖον
728 1255 791 1313 «53
825 1255 1043 1333 προῖτον
1075 1250 1140 1311 τοὶ
1174 1254 1553 1329 αυμβεβηκᾶτα
1587 1257 1794 1312 διελεῖν
1827 1257 1955 1334 περὶ
1987 1256 2215 1313 {nactur
2245 1258 2417 1330 γένος,
2451 1253 2560 1314 ὅσα

373 1368 510 1421 καθ’
540 1360 681 1419 αὐτοὶ
715 1365 892 1421 πᾶσιν
925 1363 1167 1441 «indoleo
1209 1368 1322 1424 πῖς
1350 1368 1528 1438 ζῴοις,
1570 1362 1710 1436 μειοῖ
1745 1365 1808 1420 δὲ
1842 1364 2005 1421 muira
2038 1361 2135 1424 ταὶς
2161 1369 2337 1424 atriae
2364 1364 2553 1420 adv-rr

376 1471 688 1550 magam·
724 1472 934 1537 διελεῖν
1026 1477 1139 1540 διο
1179 1476 1250 1540 in
1288 1476 1453 1541 libro
1495 1478 1702 1563 primo
1746 1476 1828 1542 de
1854 1485 2018 1563 part.
2050 1498 2177 1559 an„
2218 1483 2559 1563 postquam

377 1587 449 1650 in
491 1585 719 1650 decem
758 1581 1076 1670 capitibus
1107 1594 1473 1649 communes
1503 1583 1898 1650 condifiones
1927 1582 2301 1651 animalium
2325 1590 2566 1649 tracta:

376 1693 502 1776 vit,
558 1699 751 1779 caput
802 1699 867 1757 et
916 1692 1265 1779 praecipue
1308 1711 1557 1779 organa
1598 1714 1825 1759 sensus
1871 1699 2332 1781 perscrutatur,
2388 1712 2557 1778 quae

379 1799 735 1866 secundum
777 1799 1154 1865 varietatem
1192 1799 1470 1887 formae,
1511 1799 1667 1867 situs
1711 1809 1834 1867 etc.
1878 1802 1948 1866 in
1989 1799 2284 1867 omnibus
2313 1799 2555 1865 anima-

375 1905 550 1974 Ebus
591 1915 904 1991 recenset,
948 1929 1049 1992 ea,
1089 1906 1204 1974 ubi
1230 1929 1361 1974 non
1387 1909 1813 1993 inveniantur,
1857 1928 2384 1974 commemorans.
2452 1906 2561 1974 Ita

375 2015 465 2100 fit,
506 2024 576 2081 ut
600 2014 690 2100 id,
732 2014 909 2103 quod
933 2036 1051 2081 nos
1079 2016 1337 2102 quidem
1363 2025 1648 2105 systema
1672 2038 2000 2102 vocamus,
2039 2037 2358 2104 nusquam
2384 2019 2558 2104 apud

378 2145 528 2189 eum
568 2125 819 2190 existat.
903 2124 1074 2190 Nam
1114 2125 1235 2190 etsi
1273 2124 1593 2191 interdum
1633 2125 1900 2209 accidit,
1940 2133 2012 2190 ut
2037 2124 2311 2192 classem
2337 2123 2558 2212 singu-

383 2231 588 2298 larem
636 2240 892 2317 tractet,
945 2232 1180 2299 velut
1159 2256 1229 2299 m
1271 2256 1414 2322 cap.
1463 2231 1650 2301 12.1.
1695 2257 1773 2319 c.,
1817 2235 1953 2322 ejus
1993 2234 2092 2299 rei
2143 2254 2343 2300 causa
2390 2232 2560 2299 haec

382 2348 511 2425 est,
552 2340 743 2427 quod,
785 2350 854 2407 ut
893 2362 1087 2428 supra
1128 2340 1292 2425 dixi,
1337 2364 1493 2407 aves
1537 2364 1684 2408 cum
1726 2341 1957 2408 ceteris
2001 2341 2388 2409 animalibus
2428 2339 2557 2408 col-

380 2446 552 2515 latae
607 2447 1036 2537 singularibus
1085 2450 1584 2539 proprietatibus
1642 2451 1913 2517 affectae
1975 2458 2138 2517 sunt.
2224 2449 2416 2534 Quod
2468 2448 2590 2518 ad.

380 2556 498 2624 lib.
541 2556 665 2623 IX.
711 2557 792 2624 de
832 2557 979 2623 hist.
1021 2580 1126 2625 an.
1172 2560 1426 2644 attinet,
1467 2559 1539 2624 in
1580 2580 1707 2646 quo
1751 2580 1794 2625 a
1836 2559 2044 2647 capite
2086 2568 2311 2646 quarto
2353 2580 2559 2647 usque

386 2664 474 2730 ad
512 2663 706 2731 finem
735 2665 816 2733 de
845 2666 1228 2736 animalibus
1255 2691 1375 2758 per
1403 2668 1642 2734 classes
1673 2666 1956 2764 disserit,
1998 2669 2272 2756 primum
2301 2666 2561 2755 quidem

383 2772 467 2839 de
509 2767 1028 2863 quadrupedibus
1044 2826 1062 2861 ,
1106 2776 1341 2843 deinde
1385 2775 1467 2842 de
1511 2775 1769 2861 avibus,
1808 2784 1944 2840 tum
1984 2774 2066 2841 de
2092 2775 2380 2864 piscibus
2413 2786 2560 2862 etc.,

382 2877 451 2947 in
492 2880 592 2947 his
637 2883 950 2972 capitibus
992 2884 1075 2950 de
1116 2885 1333 2951 indole
1377 2884 1577 2950 animi
1618 2883 2013 2951 diversorum
2056 2883 2425 2949 animalium
2465 2881 2557 2949 lo·

386 2991 618 3078 quitur.
689 2991 872 3074 Quae
903 3015 1098 3080 quum
1126 2995 1194 3059 in
1237 2993 1379 3059 aliis
1424 2991 1802 3058 animalibus
1845 2990 1976 3057 alia
2003 2991 2103 3078 sit,
2144 3012 2356 3079 neque
2384 2990 2555 3058 bene

384 3099 662 3164 conferri
700 3101 933 3188 possit,
975 3109 1044 3166 ut
1080 3101 1421 3191 prudentia
1463 3122 1799 3168 cervorum
1840 3100 1910 3165 in
1950 3097 2147 3166 tutela
2188 3098 2560 3186 catulorum,

381 3206 728 3274 nidificatio
756 3209 974 3275 avium
1001 3219 1147 3296 etc.,
1188 3209 1567 3277 Aristoteles
1596 3206 1907 3275 adductus
1951 3216 2065 3292 est,
2111 3215 2182 3274 ut
2221 3206 2303 3276 de
2343 3207 2559 3332 indole

385 3316 584 3381 animi
624 3316 975 3383 secundum
1017 3317 1258 3385 classes
1299 3317 1657 3406 singulares
1699 3324 2071 3406 exponeret.

547 3422 594 3489 J
593 3445 699 3490 am
736 3444 893 3491 vero
935 3447 1132 3492 unum
1156 3435 1353 3494 restat
1380 3423 1885 3515 disceptandum,
1926 3425 1984 3491 si
2009 3423 2384 3492 Aristoteles
2410 3423 2560 3515 lege

386 3529 669 3616 quadam
709 3535 1121 3620 systematica
1160 3558 1289 3603 non
1328 3558 1482 3602 usus
1524 3535 1623 3620 sit,
1662 3555 1818 3600 num
1857 3532 2006 3600 ideo
2048 3534 2241 3600 etiam
2276 3542 2562 3622 systema

383 3636 626 3704 nullum
668 3642 1049 3729 cognovisse
1090 3652 1266 3712 recte
1296 3644 1584 3734 judicari
1624 3649 1837 3730 queat.

552 3746 701 3828 Qua
741 3748 1001 3836 quidem
1052 3751 1136 3818 de
1186 3773 1258 3818 re
1302 3774 1498 3841 quum
1538 3751 1774 3840 optime
1815 3750 2096 3818 sensisse
2136 3748 2328 3818 Oken
2366 3749 2556 3818 nobis

383 3854 699 3942 rideatur,
739 3857 886 3946 ipsa
925 3861 1061 3950 ejus
1100 3860 1306 3930 verba
1343 3882 1766 3953 apponamus:

518 3990 571 4057 6)
602 3991 687 4044 De
717 3996 853 4059 part.
882 4008 969 4046 an.
1000 3993 1121 4050 Lib.
1152 3993 1198 4060 1,
1229 4009 1346 4063 eap.
1378 3995 1429 4048 ⁶.
1461 4010 1588 4064 pag.
1617 3961 1733 4050 645.
