2844 4944
1346 329 1431 396 16

296 510 422 596 „de
476 510 847 579 differentiis
917 510 1332 591 animalium“
1392 511 1623 579 decem
1647 532 1660 537 ’
1684 511 1870 583 libris
1917 511 2149 597 edidit,
2209 512 2280 579 in
2325 528 2467 600 squo

296 626 495 685 totam
531 621 867 707 regionem
892 619 1299 708 zoologicam
1332 619 1670 709 amplexus
1704 628 1820 684 est.
1866 618 2050 708 Opm
2073 621 2284 709 ipsum
2309 619 2469 693 nihil

298 726 477 807 aliud
515 749 711 813 quam
758 751 847 794 ex
883 737 1177 795 veterum
1224 729 1480 817 scriptis
1529 736 1596 793 et
1642 728 1934 816 inprimis
1991 752 2077 795 ex
2123 728 2469 799 Aristotele

296 843 364 913 et
420 833 629 903 Plinio
693 836 971 925 diligens
1032 836 1415 924 compilatio.
1523 834 1660 902 Sed
1718 835 2053 911 videmus
2112 836 2482 903 secundum-

292 951 580 1011 nostrum
606 946 1016 1032 propositum,
1065 945 1384 1031 quomodo
1427 943 2039 1032 ornithologium
2077 945 2469 1030 tractaverit,

293 1048 368 1115 id
407 1051 579 1137 quod
616 1052 688 1117 in
727 1050 892 1118 libro
934 1054 1203 1139 septimo
1242 1053 1418 1119 feeit.
1480 1052 1732 1130 Avibus
1774 1076 1819 1121 a
1849 1053 2060 1140 capite
2091 1054 2232 1125 119.
2262 1072 2486 1140 usque,

294 1158 384 1225 ad
436 1168 630 1248 caput
678 1160 820 1225 126.
863 1160 1251 1247 generaliter
1314 1161 1710 1229 adumbratis
1764 1183 1951 1227 suum
2013 1170 2295 1248 systema
2340 1159 2468 1227 illis

294 1266 488 1335 Plinii
526 1267 745 1334 verbis
782 1268 1078 1337 instituit:
1128 1267 1522 1353 „Volucrum
1570 1270 1783 1358 prima
1833 1268 2152 1335 distinctio
2191 1268 2470 1357 pedibus

295 1377 579 1445 maxime
622 1375 909 1443 constat“
951 1385 1075 1442 etc.

457 1483 758 1550 Attamen
782 1485 854 1549 in
876 1493 1223 1571 systemate
1249 1484 1700 1572 persequendo
1726 1483 1928 1571 longe
1955 1494 2055 1551 est
2078 1483 2286 1557 Plinio
2315 1505 2468 1550 con-

299 1593 569 1665 stantior
606 1601 802 1680 atque
856 1593 1243 1681 diligentior.
1326 1592 1418 1658 Ut
1468 1593 1552 1659 de
1600 1594 1742 1680 ipso
1783 1593 2072 1661 Wottoni
2125 1601 2472 1682 systemate

296 1722 589 1788 agamus,
625 1703 904 1790 primum
931 1700 1013 1777 de
1038 1700 1566 1789 Fidipedibus
1607 1700 1865 1766 disserit
1903 1701 2163 1769 ordiens
2204 1724 2252 1767 a
2293 1699 2471 1769 Gal-

294 1807 649 1894 linaceis,
691 1808 1486 1894 Columbis‚·Turdis,
1525 1808 1941 1896 sequentibus
1970 1807 2474 1894 Carnivoris,

298 1916 531 2009 quibus
572 1926 975 2005 annumerat:
1015 1917 1413 2005 Aquilam,
1452 1916 1975 2011 Accipitrem,
2034 1914 2474 2000 cucullum,

295 2025 411 2091 ubi
447 2024 591 2091 loco
630 2025 825 2111 Plinii
862 2026 977 2093 lib.
1020 2024 1108 2110 X,
1148 2049 1294 2115 cap.
1337 2027 1400 2092 9.
1442 2028 1576 2116 jam
1611 2049 1766 2115 pag.
1813 2025 1926 2091 14.*
1967 2025 2176 2091 citato
2201 2024 2288 2091 ad
2327 2047 2476 2091 vere-

294 2132 452 2209 bum
491 2134 714 2218 utimr3
774 2144 908 2201 tum
947 2136 1432 2221 Nocturnae,
1491 2134 1987 2201 Hirundines
2047 2132 2198 2199 ideo
2250 2154 2473 2199 succe-

298 2240 475 2326 dunt,
515 2241 695 2331 quod
711 2242 957 2323 Plinius
981 2241 1102 2311 hus
1129 2263 1326 2311 carne
1351 2243 1536 2321 vesci
1561 2242 1857 2309 affirmet.
1929 2240 2112 2324 Quas
2138 2239 2478 2309 Corvini

296 2349 642 2437 excipiunt,
682 2352 880 2437 „quia
916 2374 1048 2418 non
1085 2359 1331 2419 tantum
1371 2372 1567 2417 carne
1609 2349 1882 2434 aluntur,
1925 2349 2046 2417 sed
2087 2358 2153 2417 et
2191 2348 2319 2415 alio
2356 2371 2475 2436 pa·

294 2455 635 2543 bulo.“¹⁹)
703 2458 816 2526 Ad
850 2458 1298 2527 Scansores
1338 2483 1411 2526 se
1452 2459 1765 2528 convertit
1805 2457 2062 2528 dicens:
2102 2455 2477 2543 „Hic-humi

292 2588 621 2655 nunquam
669 2568 1018 2634 consistere
1070 2567 1500 2656 patitur.‘⁴²⁶)
1555 2567 1766 2634 -Sane
1819 2568 1903 2634 de
1954 2567 2197 2655 pedum
2243 2566 2474 2648 forma,

293 2695 465 2764 quae
503 2674 592 2741 ad
628 2673 801 2740 hunc
841 2675 1133 2741 ordinem
1172 2675 1668 2764 significandum
1705 2677 1974 2749 maximi
2015 2685 2113 2742 est
2143 2674 2476 2757 momenti,
2577 2726 2598 2744 .

293 2782 457 2876 nihil
490 2782 789 2872 loquitur,
829 2794 903 2851 ut
932 2784 1095 2851 aliis
1090 2805 1360 2871 quoque
1385 2782 1548 2852 locis
1573 2786 1875 2854 transitus
1906 2783 1991 2851 ab
2019 2783 2221 2850 altero
2250 2782 2476 2852 ordino

292 2892 364 2981 in
403 2890 673 2962 alterum
706 2915 860 2960 raro
903 2893 1199 2960 distincte
1239 2894 1512 2982 sejuncti
1552 2901 1718 2958 sunt.
1801 2892 1984 2960 Illius
2017 2891 2261 2958 ordinis
2301 2899 2476 2962 sunt·

293 2973 529 3068 Picus
568 3000 931 3086 Martius,
978 3002 1420 3086 Psittacus,
1467 3001 1663 3067 Pica
1705 3008 1828 3068 etc.
1921 2999 2004 3065 In
2055 2998 2476 3086 subsequenti

300 3109 512 3202 capite
574 3109 930 3178 Scansores
995 3109 1344 3184 continuati
1414 3117 1561 3174 sunt
1622 3129 1863 3194 eosque
1932 3107 2095 3176 tales
2158 3108 2475 3194 designat,

298 3238 507 3304 „quae
547 3218 773 3284 victus·
797 3240 997 3300 causa
1035 3218 1302 3288 arbores
1332 3225 1397 3284 et
1418 3216 1600 3304 ligna
1623 3216 1919 3300 feriunt,“
1960 3238 2088 3303 quo
2113 3217 2185 3281 in
2207 3234 2504 3290 nmero-

299 3334 473 3392 sunt:
499 3325 758 3414 Pipra,
783 3326 1120 3411 Ieterus,
1148 3324 1483 3392 Oerthia
1509 3334 1630 3390 etc.
1672 3324 1985 3412 Incapite
2008 3324 2280 3390 14l·eae
2305 3343 2476 3414 com-5
2530 3306 2536 3311 ⁸

299 3443 751 3520 memorantur,
790 3456 958 3521 quae
988 3437 1161 3519 „non'
1193 3432 1373 3521 ligna
1407 3433 1802 3519 arboresque
1816 3482 1835 3518 ,
1880 3432 1998 3498 sed
2024 3432 2244 3519 spinas
2279 3452 2476 3519 appe-

301 3549 457 3628 tunt,
484 3551 675 3630 atque
696 3544 767 3610 in
782 3543 990 3632 spinis
1009 3542 1304 3610 victitant
1325 3550 1437 3608 aut
1456 3541 1730 3608 dumetis
1750 3540 1934 3628 etc.“,
1952 3549 2024 3608 ut
2041 3539 2476 3608 Carduelis.

302 3648 579 3717 Ultimus
619 3651 775 3718 ordo
816 3650 1208 3739 Fidipedum
1234 3653 1592 3716 continetur
1620 3649 2089 3733 oscinibus,
2129 3649 2241 3735 qui
2265 3657 2480 3715 tamen

307 3756 809 3848 haudquaquam
849 3768 998 3848 apte
1037 3758 1489 3847 depinguntur,
1521 3760 1878 3847 magisque
1934 3757 2276 3845 speciebus
2321 3756 2478 3844 ipsis

410 3909 613 3976 19)D0
581 3908 947 3960 edifferentiis
980 3909 1302 4018 animalium.
1366 3909 1487 3965 Lib.
1520 3909 1813 3974 mcap.
1848 3909 1961 3960 138.
1993 3924 2119 3977 pag.
2154 3911 2265 3959 124.

407 3991 772 4059 {ml-ulii».
805 3992 1221 4059 moab-,130
