2844 4944
1382 322 1468 395 ἢ

342 514 462 591 est,
498 505 670 572 utsi
709 526 841 571 non
880 525 1101 571 earum
1140 503 1339 589 locus,
1378 515 1452 571 at
1489 514 1666 573 certe
1707 505 2108 574 distinctiora
2141 505 2523 573 indidahoss

342 607 455 673 dic
492 627 747 694 quoque
786 605 1159 671 mamea-int.
1222 605 1416 687 Quod
1454 606 1913 695 enimSpixius
1957 607 2030 692 (l.
2071 628 2132 673 c.
2159 629 2312 695 pag.
2341 607 2522 695 258.)

341 707 700 794 Aquaticas
740 703 1092 770 secundum
1128 705 1381 793 pedes
1421 706 1493 772 in
1529 706 1975 795 fissipedes
2028 717 2096 774 et
2144 696 2524 796 palmipe-

342 806 482 873 des
522 805 891 872 distributas
934 804 1121 889 dicit,
1161 806 1233 870 in
1268 827 1490 872 errore
1530 818 1845 875 versatur.

502 906 744 972 Divisit
784 906 959 971 enim
997 904 1144 970 illas
1196 915 1451 991 auctor,
1512 917 1585 972 ut
1624 907 1924 992 diximus,
1985 908 2055 972 in
2118 928 2263 992 eas,
2323 928 2527 996 quae

343 1008 560 1073 circa
597 1028 845 1094 aquas
887 1014 1309 1071 versantur
1349 1015 1415 1070 et
1466 1028 1667 1093 quae
1721 1009 1960 1095 aquis
2007 1008 2397 1090 innatant3
2437 1007 2529 1073 ad

341 1108 461 1173 has
499 1107 821 1195 pertinent
861 1107 1058 1172 etiam
1094 1105 1438 1171 nonnullae
1476 1107 1845 1196 fissipedes,
1894 1116 1965 1173 ut
2001 1107 2236 1173 Fulica
2273 1116 2397 1172 etc.

505 1207 729 1293 Itaque
773 1229 854 1271 eo
892 1205 1103 1293 magis
1130 1215 1632 1272 consentaneum
1655 1208 1931 1291 videtur,
1971 1208 2145 1294 quod
2168 1207 2524 1295 Vesper-

337 1306 521 1372 tilio
563 1306 648 1372 ab
693 1316 954 1371 auctore
993 1314 1210 1371 nostro
1237 1314 1544 1392 secretus,
1587 1306 1942 1373 Strutln’o
1984 1307 2214 1373 avibus
2241 1317 2528 1373 assertus

340 1406 683 1492 omniaque
721 1405 1097 1472 fabulosa
1154 1406 1542 1472 animalia
1578 1428 1840 1494 prorsus
1883 1408 2308 1474 exterminata
2353 1417 2524 1492 sunt,

338 1506 418 1572 id
456 1505 632 1595 quod
674 1506 936 1592 quidem
962 1507 1104 1594 jam
1143 1529 1187 1572 a
1226 1505 1610 1572 Chal-letone
1649 1508 1893 1572 factmn
1929 1508 2232 1574 vidimus.
2311 1507 2415 1574 Ac
2462 1509 2529 1575 si

337 1606 552 1673 adhuc
593 1606 788 1671 etiam
823 1607 1017 1671 nimis
1055 1614 1348 1672 veterum
1403 1607 1844 1672 auctoritatem
1895 1616 2152 1672 secutus
2201 1630 2336 1673 non
2386 1631 2523 1673 om-

334 1707 495 1772 nino
530 1706 704 1771 vitiis
746 1713 955 1789 caret,
1017 1705 1182 1777 haec
1234 1714 1452 1770 tamen
1502 1708 1881 1793 praesertim
1922 1708 1988 1771 ei
2036 1706 2181 1772 laus
2232 1707 2524 1794 debetur,

337 1806 516 1893 quod
576 1804 943 1892 zoologiam
1004 1806 1195 1891 quasi
1257 1828 1344 1870 ex
1401 1805 1762 1871 vinculis
1811 1806 2234 1895 expedivit
2292 1807 2521 1883 sche-

334 1905 707 1990 lasticae,
748 1926 916 1991 quae
942 1903 1155 1970 adhuc
1191 1913 1582 1993 postremum
1624 1904 1881 1971 mediae
1923 1907 2154 1972 aetatis
2190 1905 2522 1974 residuum

337 2008 534 2072 etiam
582 2027 804 2071 rerum
840 2004 1231 2070 naturalium
1272 2004 1632 2092 disciplinis
1673 2004 2075 2072 inhaerebat.
2159 2004 2272 2071 Sic
2323 2007 2524 2094 igitur

338 2115 605 2172 auctore
645 2114 864 2170 nostro
903 2105 1281 2192 praeparari
1317 2104 1614 2171 videmus
1662 2105 2064 2193 praeclaram
2113 2105 2293 2173 illam
2346 2117 2519 2172 aeta-

338 2215 473 2272 tem
510 2205 992 2271 restaurationis
1031 2203 1386 2270 litterarum
1421 2204 1856 2292 physicarum,
1896 2228 2027 2293 qua
2050 2228 2180 2270 non
2207 2207 2298 2271 ita
2322 2205 2520 2272 multo

339 2315 492 2396 post
529 2306 929 2372 Linnaeus
970 2305 1217 2391 ingemi
1255 2306 1357 2370 sui
1395 2305 1679 2372 sollertia
1701 2327 1938 2372 novam
1965 2328 2186 2371 aeram
2215 2305 2520 2372 condidit.

503 2406 650 2488 Quo
689 2406 903 2492 magis
954 2405 1274 2490 dolemus,
1336 2405 1514 2493 quod
1553 2407 1696 2495 jam
1749 2428 1925 2472 nunc
1977 2405 2268 2494 opusculi
2320 2405 2517 2472 finem

335 2506 553 2573 facere
595 2506 909 2592 cogimur,
947 2526 1034 2571 ne
1074 2505 1339 2570 ulterius
1381 2506 1762 2572 disserendo
1805 2505 2113 2593 exiguum
2150 2506 2338 2573 nobis
2367 2529 2518 2572 con-

337 2629 590 2674 cessum
630 2606 908 2693 spatium
947 2605 1518 2692 tramgrediamur.
1587 2606 1881 2671 Alteram
1919 2606 2121 2692 igitur
2156 2616 2408 2693 partem
2446 2608 2519 2672 in

336 2707 750 2797 opportunius
809 2715 1060 2793 tempus
1120 2706 1511 2770 reservaturi
1561 2728 1605 2771 a
1653 2705 1772 2789 Te,
1812 2705 1892 2770 L.
1935 2706 2014 2771 B.
2080 2705 2257 2772 haud
2306 2708 2519 2794 aptius

336 2807 745 2874 discedamus
785 2828 981 2893 quam
1021 2805 1399 2893 synopsin
1441 2806 1700 2872 avium
1739 2814 2046 2892 tanquam
2071 2807 2262 2871 totius
2293 2806 2511 2895 dis‘pu-

332 2908 591 2975 tationis
632 2928 947 2972 summam
986 2905 1382 2993 adjicientes.

500 3007 994 3124 Systemaficam
1055 3015 1299 3091 autem,
1372 3027 1568 3089 quam
1627 3004 1845 3090 vides,
1906 3006 2127 3072 avium
2189 3005 2517 3093 synopsin,

332 3129 544 3194 neque
586 3108 741 3174 novi
781 3105 1131 3193 quidquam
1144 3155 1165 3191 ,
1202 3127 1328 3172 nec
1364 3107 1643 3193 perfecti
1682 3107 2097 3191 referentem,
2137 3105 2298 3172 nihil
2340 3104 2517 3169 aliud

335 3231 480 3278 esse
509 3208 768 3296 judices
809 3228 1004 3293 quam
1040 3208 1264 3272 tironis
1312 3207 1384 3271 in
1418 3207 1616 3273 rebus
1662 3206 2065 3273 naturalibus
2101 3204 2516 3271 mediocriter

334 3308 576 3374 versati
624 3328 958 3391 conamen,
996 3327 1164 3392 quae
1206 3329 1250 3372 a
1275 3306 1660 3371 doctissimis
1708 3315 1774 3372 et
1824 3305 2308 3394 spectatissimis
2353 3305 2513 3370 viris

335 3409 419 3476 de
474 3409 695 3473 avium
734 3407 1149 3495 systematica
1204 3416 1540 3494 expromta
1587 3414 1766 3491 sunt,
1818 3429 1901 3471 ea
1950 3405 2138 3493 quasi
2187 3404 2513 3474 communi

335 3508 617 3596 quodam
655 3506 914 3575 vinculo
957 3506 1308 3594 colligendi
1348 3516 1414 3571 et
1456 3455 2060 3595 compreliendendi.
2128 3502 2279 3569 Hoc
2317 3504 2510 3571 nobis

334 3608 782 3697 appetentibus
822 3607 911 3674 ad
946 3616 1245 3673 naturam
1272 3606 1554 3695 cujusvis
1596 3606 1840 3672 ordinis
1871 3612 2172 3671 accurate
2200 3603 2508 3670 definien-

334 3708 487 3775 dam
525 3731 858 3797 perpauca
886 3707 1195 3774 sufficere
1237 3728 1319 3771 ac
1358 3728 1444 3771 ne
1486 3728 1732 3793 genera
1783 3706 2042 3794 quidem
2092 3706 2338 3790 emnia,
2386 3725 2513 3769 nee

333 3810 587 3898 species
626 3809 798 3876 ullae
824 3807 1214 3875 ‘afferendae
1255 3806 1661 3873 videbantur.
1748 3806 1894 3888 Quo
1944 3807 2015 3871 in
2054 3806 2261 3871 studio
2314 3826 2512 3891 quum

336 3919 836 3982 consentaneum
874 3910 976 3992 sit,
1015 3917 1088 3973 ut
1125 3909 1196 3973 in
1236 3906 1504 3994 singulis
1537 3905 2012 3995 pertractandis
2052 3927 2251 3993 saepe
2294 3904 2507 3970 diver-

333 4031 447 4078 sae
484 4010 844 4100 partitionis
884 4009 1165 4075 rationes
1205 4008 1514 4091 existant,
1564 4017 1784 4074 tamen
1823 4030 1944 4073 nos
1986 4029 2132 4073 eam
2171 4005 2507 4094 amplecti-
