2844 4944
1319 331 1408 398 22

233 529 376 575 esse
417 509 968 600 inu-ospexissem
1028 515 1347 582 rationem
1385 519 1881 581 consentaneum
1922 516 2066 581 esse
2109 514 2294 598 duxi,
2335 515 2405 581 in

228 609 597 679 methodum
640 634 753 680 eas
811 615 1140 703 redigere:
1209 637 1290 682 ae
1350 613 1586 682 deinde
1645 636 1732 680 ne
1794 615 2064 682 consum.
2123 616 2405 783 cognitio

233 708 688 779 obscuritatem
726 715 968 801 pariat,
1004 715 1098 781 nd
1138 738 1258 781 sua
1297 718 1563 803 propria
1599 713 1764 781 loca·
1797 736 2152 781 revocare.
2336 716 2407 780 in

227 808 417 897 hujus
457 816 878 881 enarrationis
919 816 1155 882 seriem
1194 816 1521 903 dignitatis
1562 837 1825 881 servare
1866 815 2053 881 duxi:
2103 817 2405 903 primum·
2455 874 2462 880 .

228 930 353 996 que
393 913 849 1000 rapacibus,
910 924 1217 1003 tanquam
1270 916 1603 982 nobilitate
1654 915 1920 1002 reliquis
1972 915 2164 1001 longe
2217 936 2407 1003 prae·

228 1009 531 1097 ferendis,
573 1014 740 1080 inter
784 1037 1004 1081 omnes
1048 1039 1206 1083 aves
1248 1016 1405 1082 dare
1447 1016 1659 1081 locum
1697 1015 1952 1081 statui.“
2010 1014 2210 1080 Paulo
2237 1023 2408 1103 postz

229 1109 336 1193 „A
397 1110 639 1179 diurnis
701 1115 898 1201 igitur
955 1116 1306 1204 rapacibus
1370 1117 1846 1204 auspicaturus,
1906 1116 1978 1182 in
2035 1116 2260 1203 primis
2325 1114 2408 1181 de

228 1208 522 1297 Aquila
561 1214 795 1280 avium·
818 1216 1049 1303 regina
1071 1265 1087 1281 .
1116 1265 1132 1282 .
1159 1264 1175 1282 .
1220 1216 1608 1283 subnectens
1632 1262 1650 1280 .
1676 1262 1694 1280 .
1727 1263 1744 1280 .
1789 1215 1871 1281 de
1911 1214 2175 1303 reliquis
2216 1238 2407 1303 rapt-

234 1309 406 1375 eium
449 1312 819 1382 diurnorum
858 1316 1201 1404 speciebus
1242 1340 1383 1382 sum
1428 1315 1750 1382 aeturus.“
1812 1314 2106 1381 Alteram
2147 1337 2410 1381 causam

229 1409 593 1479 invenimus
633 1416 703 1481 in
742 1426 897 1482 tom.
938 1416 1063 1501 III,
1109 1438 1251 1504 cap.
1286 1418 1344 1483 1.
1417 1417 1610 1502 „Jam
1649 1437 1807 1481 vero
1860 1416 1931 1481 in
1978 1417 2188 1503 primo
2222 1425 2410 1481 tomo

232 1508 563 1598 Aquila,
608 1537 775 1602 quae
821 1525 884 1581 et
923 1517 1079 1583 Jovi
1119 1518 1357 1605 optimo
1408 1518 1695 1582 maximo
1741 1520 1838 1581 'ae
1884 1515 2176 1581 Deorum
2224 1537 2408 1605 prae·

231 1613 621 1687 stantissimo
665 1624 762 1680 est
802 1616 1016 1682 dicata
1039 1664 1054 1681 .
1082 1665 1098 1681 .
1125 1665 1142 1682 .
1169 1664 1186 1683 .
1229 1617 1508 1703 primum
1546 1616 1756 1682 locum
1810 1615 2150 1681 obtinuitf‘:
2232 1616 2411 1681 Pest-
2466 1676 2472 1679 .

233 1731 428 1797 quam
469 1713 733 1783 ulterius
772 1717 1197 1804 progrediens
1237 1716 1608 1781 methodum
1644 1715 1839 1780 Plinii
1877 1716 2135 1802 rejecit,
2190 1714 2410 1802 alpha.-

233 1809 515 1887 betioam
570 1812 1110 1882 enumerationem
1123 1866 1140 1901 ,
1202 1816 1380 1903 quali
1431 1815 1745 1899 Galenus,
1797 1814 2036 1881 Paulus
2085 1814 2415 1901 Aeginetis
2465 1887 2474 1895 ,

236 1911 679 1988 etAvieenna
719 1919 820 1982 usi
860 1925 1033 2001 sunt,
1090 1917 1407 2000 refutavit,
1448 1916 1932 2003 Raptatores
1984 1915 2080 1980 sie
2129 1914 2411 1980 ordinat:
2463 1986 2472 1995 ι

233 2010 492 2099 Aquila,
534 2016 782 2101 Vultur,
824 2016 1174 2105 Accipiter,
1216 2016 1438 2101 Falce,
1479 2016 1735 2094 Milvus,
1771 2014 2105 2080 Cucullum
2142 2013 2412 2098 addens,

234 2128 426 2196 quem
466 2114 864 2204 Accipitrem
903 2117 1278 2182 Aristoteles
1319 2116 1668 2182 habuisset.
1753 2113 2012 2180 Similes
2059 2115 2414 2180 afferuntur

236 2233 470 2278 causae
512 2216 884 2283 ordinandis
925 2218 1268 2301 nocturnis,
1310 2239 1579 2303 quarum
1608 2225 1934 2304 postrema
1959 2213 2411 2302 Caprimulgus

235 2314 509 2399 ponitur.
593 2317 759 2383 Tum
810 2320 1097 2405 sequitur
1156 2317 1424 2383 historia
1476 2314 2146 2404 VespertilioniS,
2202 2313 2417 2402 „quod
2500 2316 2516 2333 ⁸

239 2421 550 2480 nocturno
591 2425 878 2505 tempore
908 2441 1044 2503 sua,
1086 2428 1157 2483 ut
1180 2427 1550 2502 nocturnae,
1578 2416 1772 2483 obeat
1795 2414 2135 2499 munera3“
2178 2413 2414 2490 deinde

240 2511 621 2600 Struthio,
684 2518 900 2604 „quod
962 2528 1027 2583 et
1074 2518 1182 2583 ille
1224 2520 1363 2584 avis
1429 2520 1510 2582 sit
1569 2518 1914 2632 ambiguae
1975 2514 2285 2580 naturae“
2350 2524 2416 2579 et

241 2612 547 2704 deinceps
603 2567 788 2704 hujus
853 2617 1237 2704 disponendi
1296 2617 1561 2682 rationis
1625 2616 1838 2702 quasi
1872 2615 2186 2702 puerilem
2243 2614 2414 2681 hane

241 2734 503 2779 causam
543 2717 812 2803 profert.
855 2726 1030 2801 „tum
1074 2715 1248 2802 quod
1288 2717 1495 2804 aptior
1533 2714 1629 2779 illi
1668 2714 1846 2779 locus
1889 2713 2051 2780 alius
2092 2716 2440 2801 assignari·

238 2834 368 2878 non
410 2824 684 2901 poterat,
730 2817 1156 2883 addidimuS.“
1241 2817 1605 2902 Sequuntur
1656 2814 2146 2879 Monstrosae
2202 2813 2416 2901 „quod

242 2922 305 2978 et
344 2914 494 2980 illae
535 2914 877 3004 plurimum
920 2940 1004 2982 ex
1029 2926 1218 3004 raptu
1243 2917 1467 2982 vivere
1497 2914 1902 2981 credantur.“
1962 2915 2164 2979 Porro
2195 2935 2431 2994 earum,

240 3013 312 3077 in
352 3016 576 3081 ordine
621 3017 971 3105 dispositiO,
1015 3018 1195 3104 cujus
1238 3015 1666 3103 explicatione
1705 3014 1813 3079 hic
1855 3013 2412 3101 supersedeamus.

241 3113 465 3201 Pergit
514 3117 632 3182 ita:
703 3118 1106 3203 „Antequam
1157 3116 1244 3182 ad
1295 3115 1561 3181 Corvini
1615 3115 1873 3202 generis
1924 3115 2131 3198 Aves,
2185 3112 2416 3199 quibus

244 3229 397 3279 earo
439 3238 693 3302 quoque
735 3217 1077 3305 aliquando
1118 3239 1236 3304 pro
1277 3225 1465 3304 pastu
1507 3224 1635 3299 est,
1676 3216 1953 3302 primum
1996 3215 2077 3279 de
2117 3213 2415 3278 Psistaeis

241 3312 401 3379 mihi
441 3317 768 3403 agendum
817 3318 1001 3401 duxi3
1063 3317 1190 3383 hac
1242 3315 1382 3381 sela
1427 3316 1707 3399 ratione,
1770 3314 1943 3402 quod
1980 3312 2416 3401 Aeeipitribm

241 3420 373 3482 toto
416 3418 700 3504 eorporis
740 3417 964 3483 habitu
1003 3419 1129 3482 sint
1168 3417 1459 3504 apprime
1501 3415 1768 3482 similes:
1827 3436 1983 3480 nam
2032 3422 2100 3478 et
2145 3422 2418 3479 rostrum

242 3512 486 3581 habent
525 3537 791 3583 curvum·
828 3526 894 3582 et
932 3515 1135 3605 pedes
1177 3516 1527 3582 aduneos.“
1578 3516 1744 3580 Tum
1772 3514 2067 3581 Corvinis
2107 3513 2417 3580 ordinatis

244 3612 397 3680 huic
437 3616 789 3703 particulae
830 3617 932 3682 his
972 3618 1191 3683 verbis
1230 3617 1425 3682 finem
1464 3617 1647 3682 facit:
1711 3615 1963 3701 „Atque
2004 3616 2100 3680 ita
2136 3615 2204 3679 in
2252 3623 2416 3679 tres

244 3724 509 3801 partes
546 3716 787 3783 Avium
824 3718 1138 3802 omnium,
1192 3725 1499 3805 quotquot
1545 3715 1652 3783 vel
1699 3737 1851 3781 mea
1904 3714 2251 3798 industria,
2305 3711 2414 3778 vel

246 3812 516 3892 aliorum
556 3839 756 3905 opera
792 3818 1097 3884 hactenus
1141 3817 1487 3884 observare
1529 3816 1687 3882 mihi
1737 3815 1945 3900 licuit,
1996 3813 2265 3880 historia
2320 3812 2413 3878 di-

248 3914 519 3983 videtur.
603 3918 683 3983 In
745 3941 1015 4006 quarum
1081 3919 1337 4007 prima
1405 3918 1487 3984 de
1546 3920 1687 4006 jam
1754 3917 2088 3982 recensitis
2151 3922 2416 4000 agetur3

249 4019 598 4087 secunda
637 4030 897 4110 praeter
936 4018 1375 4085 Graviores
1417 4041 1593 4102 aves,
1635 4016 2122 4083 Gallinacea
2172 4013 2420 4080 seilicet
