2844 4944
1230 307 1406 399 „8

302 510 507 569 tontes
548 501 644 568 les
687 498 926 567 classes
968 500 1353 589 d'animaux,
1405 503 1568 569 celie
1620 503 1736 569 des
1785 501 2056 570 oiseaux
2097 512 2195 571 est
2232 501 2297 571 la
2335 503 2478 594 plus

301 606 632 698 max-quee,
681 609 845 675 celle
886 610 1049 676 dont
1080 610 1179 676 les
1221 613 1488 699 especes
1530 632 1602 677 se
1641 612 2066 678 ressemblent
2102 612 2186 678 le«
2203 613 2368 701 plus,
2413 623 2479 679 et

301 720 415 806 qui
456 727 554 784 est
594 719 866 806 ,δόρει-66
908 718 992 784 de
1019 727 1225 785 tontes
1251 719 1347 785 les
1376 728 1589 786 autres
1616 730 1852 808 pai-un
1876 719 2018 808 plus
2048 722 2480 807 grandinter-

300 826 499 910 valle3
557 835 622 892 et
672 846 713 893 c
712 828 827 892 ’est
872 846 959 892 en
997 830 1205 894 meme
1247 837 1453 981 temps
1498 851 1574 894 ce
1618 829 1729 915 qui
1768 827 1932 893 rend
1973 850 2048 893 sa
2087 828 2482 896 subdivision

300 934 446 1024 1³¹¹ss
465 934 664 1110 13³3?
663 935 925 1128 {1:1³an
969 1062 1137 1130 quae
1165 1045 1357 1110 modo
1386 974 1695 1129 diximus,
1724 1044 2267 1132 perpendentibus
2294 1045 2483 1112 nobis

303 1170 543 1241 operae
583 1152 858 1240 pretium
898 1152 1107 1218 visum
1151 1161 1248 1218 est
1289 1162 1355 1219 et
1395 1174 1477 1219 ea
1490 1203 1509 1237 ‚
1551 1174 1717 1241 quae
1758 1152 1910 1218 inde
1952 1174 1995 1219 a
2032 1155 2481 1221 vetustissimis

300 1261 698 1349 temporibus
749 1282 951 1346 usque
1002 1261 1088 1325 ad
1145 1270 1425 1327 nostram
1467 1269 1743 1326 aetatem
1782 1262 1909 1327 viri
1950 1260 2129 1328 docti
2167 1264 2236 1327 in
2277 1272 2479 1350 syste-

300 1369 580 1449 matibus
644 1369 1113 1456 ornithologiae
1177 1368 1632 1434 constituendis
1698 1369 1975 1434 assecuti
2037 1370 2193 1454 sint,
2256 1393 2479 1458 presse

204 1452 224 1472 ⁶
307 1477 692 1564 conciseque
734 1499 1039 1543 enarrare
1082 1486 1146 1542 et
1187 1476 1460 1543 diversis
1500 1479 1667 1542 inter
1706 1500 1777 1543 se
1808 1479 2189 1565 comparatis
2219 1489 2480 1545 conten-

300 1584 580 1650 tionibus
595 1633 613 1670 ,
660 1584 852 1672 ‚quod
903 1594 1187 1674 systema
1237 1587 1522 1651 maxime
1575 1608 1720 1650 cum
1773 1585 2123 1652 litterarum
2161 1596 2330 1653 statu
2368 1587 2479 1653 hc-

305 1692 532 1758 dierno
594 1702 936 1781 congruat,
998 1702 1296 1759 statuere.
1395 1684 1614 1759 Potest
1673 1702 1889 1759 autem
1938 1703 2071 1760 tota
2121 1697 2481 1783 systematis

303 1801 522 1867 avium
561 1800 828 1867 historia
866 1803 937 1866 in
978 1801 1140 1867 duas
1180 1810 1397 1890 partes
1445 1801 1648 1867 dividi
1662 1851 1680 1886 ,
1723 1823 1994 1888 quarum
2023 1802 2227 1869 altera
2253 1803 2337 1870 ab
2368 1828 2479 1869 an-

301 1909 674 1996 tiquissimis
722 1910 1116 1997 temporibus
1165 1931 1370 1997 usque
1425 1909 1510 1976 ad
1560 1910 1950 1994 Linnaeum‚
2001 1911 2204 1978 altera
2246 1935 2287 1978 a
2324 1913 2480 1978 Lin·
2525 1973 2530 1979 .

301 2038 469 2083 naec
510 2016 597 2083 ad
635 2028 855 2085 nostra
892 2027 1186 2106 tempora
1224 2026 1420 2106 patet.
1505 2019 1734 2106 Itaque
1775 2018 1961 2085 nobis
2000 2042 2252 2108 quoque
2281 2031 2482 2109 syste-

301 2134 546 2191 matum
606 2125 940 2192 historiam
998 2126 1450 2214 perscripturis
1501 2136 1999 2193 consentaneum
2050 2127 2305 2195 videtur
2361 2129 2481 2196 has
2527 2190 2532 2195 .

302 2243 518 2322 partes
561 2234 868 2323 deinceps
909 2243 1208 2302 tractae.
1971 2248 1978 2253 ·

1218 2388 1448 2515 ⁴Pars
1495 2438 1554 2514 Ι.

475 2593 701 2661 Omnis
767 2592 1059 2661 doctrina
1120 2595 1201 2661 de
1263 2618 1482 2661 rerum
1540 2604 1773 2662 natura
1831 2596 2081 2661 initium
2155 2597 2326 2685 capit
2394 2596 2481 2664 ab

305 2701 679 2787 Aristotele,
720 2705 831 2791 qui
869 2704 1112 2791 primus
1154 2726 1404 2769 summa
1430 2705 1678 2793 ingenii
1706 2705 1891 2793 copia
1920 2704 2249 2794 quodlibet
2276 2704 2479 2770 scien-

305 2811 537 2876 tiarum
577 2833 782 2899 genus
822 2812 1307 2900 pervestigavit.
1374 2811 1510 2877 Sed
1538 2811 1800 2900 longum
1832 2822 1928 2878 est
1963 2814 2255 2902 copiosas
2285 2835 2481 2902 quae-

307 2920 547 2985 stiones
590 2920 1046 3008 sapientissimi
1085 2919 1253 2985 illius
1296 2917 1642 3007 Stagiritae
1694 2919 1801 2986 hic
1855 2944 2206 3010 exponere,
2262 2942 2480 3008 quare,

304 3048 390 3092 ne
432 3050 475 3094 a
513 3036 729 3095 nostro
769 3029 1096 3117 proposito
1141 3028 1608 3118 digrediamur,
1670 3028 1812 3095 illas
1853 3037 2126 3115 tantum,
2190 3052 2354 3120 quae
2396 3028 2483 3094 ad

306 3157 413 3201 res
454 3136 780 3202 naturales
836 3146 899 3202 et
948 3137 1238 3225 inprimis
1290 3137 1376 3204 ad
1431 3137 1795 3225 zoologiam
1851 3123 2141 3226 spectant
2182 3147 2245 3203 et
2285 3159 2480 3226 saepe

309 3244 483 3333 apud
526 3266 673 3311 eum
714 3245 1154 3330 inveniuntur,
1198 3246 1789 3335 contemplabimur.
1813 3244 1873 3332 ⁵)
2554 3234 2561 3242 ⁴

471 3351 610 3418 Diu
649 3353 1041 3442 multumque
1085 3354 1507 3443 disceptatum
1549 3364 1646 3421 est
1683 3355 1851 3421 inter
1892 3355 2234 3442 scriptores
2277 3376 2355 3419 ac
2396 3375 2479 3419 ne

270 3482 479 3553 ¹nunc
529 3461 790 3549 quidem
844 3463 998 3528 satis
1052 3471 1326 3548 constat,
1387 3462 1792 3548 AristoteleS,
1856 3462 2036 3551 cujus
2098 3463 2168 3526 in
2229 3461 2480 3549 scriptis

308 3568 470 3635 nihil
484 3559 491 3566 ⁴
505 3569 697 3658 plane
739 3569 822 3638 de
865 3580 1207 3660 systemate
1250 3573 1610 3662 expositum
1651 3571 2072 3660 reperiamus,
2097 3592 2269 3662 ‘num
2309 3568 2481 3660 quod

440 3736 496 3804 5)
543 3736 651 3790 Sed
680 3738 856 3790 facere
887 3754 997 3790 non
1027 3754 1320 3806 possumus,
1354 3740 1484 3806 quin
1513 3738 1634 3790 libri
1664 3753 1833 3805 nuper
1869 3737 2011 3802 editi,
2054 3737 2147 3803 qui
2184 3736 2482 3788 imm-ibitur

311 3818 645 3882 ‚Aristoteles
676 3821 1010 3874 Thierkunde
1049 3838 1157 3875 von
1185 3823 1416 3889 Meyer‘g
1464 3827 1616 3891 grato
1649 3824 1824 3873 animo
1866 3822 2178 3873 mentionem
2208 3820 2480 3872 faciamus.

309 3903 655 3957 Doctissimus
688 3906 827 3957 enim
864 3911 1047 3958 auctor
1089 3910 1143 3957 et
1173 3908 1560 3973 comparatione
1601 3907 1854 3970 omnium,
1897 3920 2035 3972 quae
2077 3905 2144 3957 de
2183 3904 2286 3956 hoc
2329 3918 2482 3972 argu·

311 3991 485 4039 mento
518 3993 643 4041 sunt
671 3993 880 4058 scripta,
912 3995 967 4042 et
996 4005 1096 4043 sua
1126 3991 1382 4043 sententia
1412 3991 1636 4043 maximo
1668 3988 1822 4042 nobis
1853 3990 1976 4041 usui
2004 3988 2121 4041 fuit.
