2844 4944
1351 318 1433 385 19

478 500 779 590 Systema
817 522 1003 567 suum
1058 501 1328 590 amplius
1372 523 1733 590 exponensz
1787 501 1953 593 „La
2000 482 2487 595 qnuatr'iesme

315 611 788 695 difference,
830 609 1052 696 inquit,
1096 609 1211 676 des
1255 622 1547 698 oysea'ux
1586 632 1735 677 sera
1772 611 1990 699 prinse
2034 610 2115 676 de
2170 630 2338 683 ceux
2380 612 2498 699 ‘qui'

316 719 454 785 font
491 716 631 785 leur
671 720 973 785 demeure
1003 727 1075 783 et·
1103 718 1366 784 nichent
1391 741 1502 783 sur
1525 728 1718 804 terre,
1758 728 1895 785 tant
1919 742 2041 808 par
2069 719 2163 784 les
2190 720 2333 786 bois
2364 732 2496 807 que*

314 849 438 915 par
487 826 579 892 les
636 848 1057 914 campagneS,
1110 849 1357 892 comme
1415 835 1558 892 sont
1607 826 2001 913 l'Autruche‘,
2051 808 2333 896 l’Otarde
2345 880 2364 914 ,
2424 828 2499 896 la'

319 934 500 1000 Cane
539 936 781 1023 petiere
805 935 968 1021 etcff
1049 935 1197 1001 Hoc
1235 935 1379 1002 loco
1421 935 1873 1001 Testestres
1916 935 2198 1024 appellat
2247 946 2492 1024 auctor,

314 1042 384 1106 in
438 1043 669 1129 quibus
732 1053 796 1108 et
848 1043 1213 1110 Gallinae
1270 1054 1333 1109 et
1393 1043 1786 1110 Cursores
1847 1045 2171 1110 numerari
2236 1044 2492 1135 debent,

317 1171 483 1238 quae
526 1150 788 1238 quidem
839 1151 1322 1241 comprehensio
1366 1152 1484 1218 sub
1537 1152 1794 1218 nomine
1847 1146 2500 1219 Gallinacearum'

318 1258 514 1324 etiam
552 1262 783 1326 nostris
823 1262 1216 1349 temporibus
1270 1283 1400 1327 non
1444 1270 1542 1326 est
1588 1259 2033 1347 inusitata²³).
2122 1261 2295 1327 Sane
2338 1262 2494 1329 vero

317 1368 638 1454 quaedam
677 1368 805 1434 huc
843 1392 974 1435 non
1013 1370 1402 1458 pertinentes
1444 1368 1809 1435 nominatae
1846 1379 2008 1454 sunt,
2051 1372 2144 1436 uti
2173 1369 2496 1458 Scolopax

319 1485 383 1540 et
423 1499 627 1563 genus
668 1477 985 1545 Alaudae.

482 1584 644 1650 Tres
684 1585 1010 1674 hucusque
1042 1588 1314 1675 expositi
1345 1588 1602 1654 ordines
1633 1608 1828 1674 quum
1861 1587 1987 1652 sint
2014 1586 2166 1652 satis
2196 1596 2496 1654 accurate

319 1691 651 1781 descripti,
717 1696 1013 1761 assentiri
1071 1718 1201 1761 non
1250 1708 1603 1784 possumus·
1654 1694 1881 1783 Spixio
1903 1694 2005 1780 ²⁴)
2074 1694 2498 1781 contendenti,

315 1804 652 1888 postremis
693 1804 892 1870 tribus
934 1803 1114 1871 libris
1159 1805 1256 1889 (in
1296 1804 1528 1903 quibus
1572 1802 1727 1869 ordo
1758 1824 2011 1890 quoque
2043 1784 2234 1868 modo
2271 1805 2498 1869 citatus

320 1910 553 1997 exstat)
583 1934 802 1979 omnes
829 1912 971 1978 illas
1003 1900 1460 2000 comprehendi
1484 1912 1711 1996 videri,
1756 1933 1923 1998 quae
1952 1914 2268 1998 nusquam
2295 1912 2363 1976 in
2385 1910 2502 1978 illa

317 2027 502 2105 parte
541 2019 753 2086 locum
793 2030 1009 2109 aptum
1051 2020 1346 2105 habeant,
1391 2020 1561 2085 unde
1605 2026 1994 2107 sequeretur,
2040 2040 2151 2085 eas
2194 2020 2332 2084 sine
2369 2017 2502 2086 ulla

322 2135 500 2193 certa
539 2128 764 2197 norma
803 2153 883 2196 ac
922 2131 1170 2195 ratione
1215 2148 1356 2194 esse
1401 2129 1805 2216 compositas.
2251 2152 2258 2161 ·
2360 2153 2371 2163 ·

485 2236 636 2303 Jam
664 2237 790 2302 duo
816 2237 1029 2303 adhuc
1056 2236 1405 2303 succedunt
1434 2236 1709 2320 ordines,
1741 2242 2010 2322 quorum
2037 2234 2148 2299 lex
2176 2180 2499 2321 quaedam·

326 2352 503 2408 certa
542 2344 865 2410 difficilius
908 2346 1046 2411 erui
1083 2346 1304 2433 possit.
1388 2344 1540 2432 Ipse
1585 2365 1694 2409 eos
1738 2345 1833 2408 sic
1875 2342 2310 2409 adumbravit?
2348 2342 2445 2428 „L
2464 2366 2506 2410 a

324 2453 762 2539 ‘cinqiesme
806 2454 1251 2520 difference·
1286 2452 1400 2519 des
1446 2462 1922 2541 oyseaux'sera
1961 2452 2178 2539 prinse
2222 2450 2305 2517 de
2339 2452 2506 2520 ceux

324 2562 435 2649 qui
474 2559 737 2628 hantent
770 2557 1311 2630 indifferemment
1352 2585 1435 2627 en
1474 2570 1678 2627 toutes
1723 2561 2033 2646 contreeS,
2074 2549 2322 2628 volants
2364 2559 2515 2626 tam.

324 2678 450 2735 test
489 2661 598 2737 sur
635 2671 733 2762 les
773 2692 1085 2738 rameaux
1134 2671 1248 2738 des
1288 2672 1432 2738 bois
1476 2670 1557 2736 de
1600 2670 1791 2735 haute
1834 2670 2106 2756 fustaye,
2159 2677 2394 2735 tantost
2435 2669 2504 2735 es

324 2779 536 2866 tamis,
580 2777 828 2847 comme
871 2781 1046 2847 aussi
1084 2802 1204 2868 par
1242 2779 1338 2845 les
1367 2780 1659 2867 prairies,
1701 2778 1948 2866 pastits,
1991 2787 2275 2864 gueretz,
2318 2787 2541 2868 notiz‘,⁸

329 2896 396 2954 et
433 2887 495 2954 le
536 2888 693 2977 long
734 2889 849 2956 des
902 2883 1162 2976 rivages
1220 2897 1284 2953 et
1335 2889 1447 2975 qui
1498 2909 1569 2953 se
1625 2894 1887 2973 passent
1942 2885 2372 2951 diversement
2422 2885 2503 2951 de

325 3005 532 3064 tontes
584 3005 783 3063 sortes
837 2997 919 3062 de
973 2996 1273 3081 viandes,
1328 3018 1576 3061 comme
1631 2995 1724 3060 les
1775 2993 2150 3078 Oorbeaux,
2200 2992 2294 3059 les
2347 2993 2503 3059 Cor-

328 3103 552 3172 ndlles
574 3104 738 3171 etc.“
780 3104 1090 3171 Videmus
1117 3103 1333 3191 igitur,
1363 3103 1621 3170 diverso
1651 3104 1867 3170 avium
1896 3102 2218 3168 domicilio
2249 3101 2507 3168 ductum

329 3222 661 3280 auetorem
722 3235 808 3280 ex
855 3212 956 3278 1115
1006 3211 1404 3299 singularem
1463 3203 1756 3278 ordinem
1818 3211 2234 3306 constituisse.
2319 3209 2508 3306 Quae

334 3321 497 3388 ratio
540 3324 661 3389 etsi
680 3317 927 3410 'parum
966 3329 1145 3386 recta
1186 3329 1302 3406 est,
1345 3330 1560 3387 tamen
1600 3321 1668 3387 in
1718 3319 1841 3386 hoc
1897 3319 2119 3385 ordine
2167 3319 2505 3408 propemo-

336 3430 490 3497 dum
531 3451 752 3497 omnes
794 3430 1227 3497 scansores
1272 3430 1624 3495 enumerati
1664 3435 1842 3513 sunt
1868 3429 1959 3495 ita
1983 3435 2054 3493 ut
2080 3426 2167 3494 ad
2197 3427 2506 3511 ordinem,

334 3537 540 3626 qualis
592 3559 764 3606 nunc
814 3548 938 3624 est,
992 3515 1378 3605 servandum
1430 3532 1784 3604 nonnullae
1823 3543 2094 3648 tantum,
2146 3537 2215 3603 111
2243 3534 2504 3670 GoraX,

334 3646 515 3731 Pica,
557 3646 810 3713 Turdus
852 3656 973 3713 etc.
1020 3646 1486 3713 secernendae
1498 3645 1641 3712 sint.
2243 3677 2252 3681 ·

502 3755 828 3824 Postremo
870 3765 1085 3822 autem
1124 3755 1289 3824 haec
1324 3754 1648 3842 leguntur:
1668 3754 1843 3843 „La
1896 3741 2263 3822 sixiesme
2319 3750 2502 3817 diffe-

440 3907 526 3972 28)
559 3905 669 3958 Cfr
703 3906 1056 3959 nomenclator
1088 3907 1263 3961 avium
1295 3907 1463 3957 musei
1492 3903 1750 3974 zoologici
1781 3903 2145 3970 Berolinensis.

440 3990 524 4057 24)
561 3989 868 4042 Geschichte
902 3991 1011 4043 und
1046 3989 1426 4057 Bourtheilung
1459 3989 1589 4040 aller
1611 3989 1846 4054 Systeme
1867 3987 1936 4036 ‘in
1958 3985 2049 4037 dei·
2071 3985 2389 4054 Zoolog'iep.
2407 3987 2505 4039 254

2042 4070 2118 4121 2*
