2844 4944
1379 331 1460 397 13

332 514 532 583 multa
571 513 1071 605 suppeditarunt,
1120 511 1356 602 quibus
1398 513 1590 601 longe
1632 511 1886 581 facilius
1926 520 2206 602 systema
2245 523 2503 603 possent

335 625 635 694 condere.

499 732 695 800 Sed
663 754 803 822 Jam
843 730 999 797 satis
1041 729 1124 796 de
1164 728 1527 796 Aristotele.
1611 728 1693 799 In
1743 751 1870 818 quo
1922 730 1984 796 si
2018 729 2142 797 tibi
2178 729 2505 818 aliquanto

336 816 570 909 diutius
613 839 1011 909 commorati
1031 860 1175 904 esse
1215 837 1570 921 videamur,
1624 838 1907 925 insignia
1952 837 2124 905 illius
2176 836 2260 904 de
2309 839 2506 906 rebus

335 948 728 1019 naturalibus
786 944 1241 1035 promovendis
1312 954 1377 1013 et
1438 943 1859 1013 extendendis
1919 947 2149 1013 merita
2207 954 2508 1036 reputare

333 1058 516 1129 velis.
599 1055 706 1121 De
748 1056 979 1122 ceteris
1020 1063 1235 1121 autem
1275 1053 1712 1141 scriptoribus,
1760 1056 1873 1144 qui
1913 1078 2061 1122 eum
2103 1065 2249 1123 sunt
2285 1058 2510 1143 secuti,

335 1188 452 1233 nos
492 1173 668 1232 tanto
711 1162 972 1231 brevius
1015 1185 1229 1230 sumus
1274 1163 1498 1229 acturi.

500 1274 753 1341 Primus
815 1270 1074 1359 quidem
1133 1270 1466 1339 Plinius
1505 1269 1693 1336 nobis
1756 1272 2050 1339 occurrit.
2144 1271 2272 1339 Hic
2336 1272 2510 1339 enim
2558 1266 2581 1298 ⁶

335 1405 495 1471 opus
544 1380 733 1448 nobis
780 1377 1067 1467 reliquit,
1129 1378 1337 1467 quod
1354 1378 1724 1447 inscribitur
1781 1378 2130 1464 „naturalis
2185 1379 2510 1465 historiast,

336 1489 518 1578 quod
573 1496 812 1577 quanta
873 1488 956 1554 sit
1017 1488 1387 1557 assiduitate
1452 1495 1516 1552 et
1575 1486 1920 1573 diligentia
1971 1488 2360 1569 confectum,
2421 1511 2511 1555 ex

333 1596 527 1665 Plinii
564 1598 827 1664 minoris
865 1595 1091 1664 litteris
1131 1594 1517 1683 quibusdam
1557 1594 1646 1660 ad
1673 1594 1970 1662 Tacitum
2012 1594 2178 1662 datis
2219 1606 2507 1685 comper-

334 1716 468 1774 tum
508 1705 841 1773 habemus.
927 1705 1143 1788 Quum
1190 1725 1348 1770 vero
1388 1701 1634 1771 Plinius
1688 1702 1846 1769 illud
1886 1714 2045 1792 opus
2093 1703 2284 1770 simul
2335 1703 2512 1773 domi

260 1868 265 1873 .
337 1814 615 1905 bellique
656 1814 853 1882 variis
893 1811 1263 1880 muneribus
1305 1813 1584 1900 fungens
1637 1810 2068 1879 elaboraverit
2126 1834 2509 1902 omnemque

337 1942 520 1991 suam
571 1924 905 1990 scientiam
956 1944 1043 1989 ex
1092 1920 1275 1989 libris
1328 1920 1598 1989 aliorum
1644 1919 1955 2004 hauserit,
2019 1921 2157 2009 ejus
2220 1919 2515 1988 doctrina

339 2032 523 2120 quasi
592 2031 955 2120 compilatio
1024 2030 1346 2118 quaedam
1394 2025 1801 2117 'appellanda
1862 2036 1977 2112 est,
2040 2028 2278 2117 quippe
2340 2048 2510 2118 quae

339 2141 593 2208 acriore
640 2139 890 2229 judicio
944 2147 1008 2206 et
1061 2138 1467 2205 distinctione
1516 2138 1587 2203 in
1642 2135 1835 2204 rebus
1898 2134 2212 2223 eligendis
2274 2130 2518 2225 Barea&

338 2257 643 2337 recteque
670 2247 923 2315 videtur
934 2246 1266 2337 judicasse
1296 2246 1457 2313 alter
1483 2245 1746 2331 Plinius,
1766 2249 1788 2287 ¹
1806 2242 1866 2331 ²)
1910 2252 2128 2333 utpote
2154 2242 2512 2313 naturalem

338 2355 669 2423 historiam
709 2375 868 2445 opus
909 2355 1227 2441 diffusum,
1268 2353 1602 2439 eruditum,
1641 2372 1767 2421 nec
1804 2353 2013 2441 minus
2038 2354 2291 2421 varium
2317 2375 2513 2442 quam

339 2464 548 2555 ipsam
583 2470 879 2532 naturam
919 2485 1209 2532 censens.

508 2570 700 2654 Quod
751 2572 839 2640 ad
886 2572 1096 2662 ipsam
1148 2569 1641 2659 ornithologiam
1700 2578 1973 2661 spectat,
2036 2572 2106 2638 in
2164 2571 2330 2639 libro
2392 2594 2512 2640 un-

342 2680 594 2747 decimo
631 2679 937 2748 naturalis
977 2680 1280 2750 historiae
1323 2681 1619 2768 exposita
1659 2689 1774 2747 est.
1861 2679 2011 2763 Qua
2048 2680 2118 2746 in
2147 2680 2518 2748 animalium

344 2788 550 2856 classe
593 2788 765 2877 quod
792 2798 1074 2876 systema
1100 2798 1355 2855 secutus
1394 2788 1500 2874 sit,
1528 2797 1908 2876 quaerentes
1942 2788 2166 2877 capitis
2193 2788 2518 2868 undecimi

346 2901 408 2981 ξ.
451 2898 555 2963 29.
597 2898 694 2963 sic
749 2898 1052 2964 certiores
1098 2895 1454 2963 reddimur:
1504 2896 1893 2981 „Volucrum
1942 2898 2151 2984 prima
2198 2893 2520 2966 distinctio

344 3005 618 3095 pedibus
658 3005 939 3074 maxime
968 3013 1233 3072 constat.
1316 3004 1648 3071 Autenim
1673 3003 1955 3074 aduncos
1976 3027 2226 3093 ungues
2251 3005 2514 3092 habent,

345 3122 456 3182 aut
495 3115 751 3203 digitos,
793 3121 902 3180 aut
938 3111 1482 3202 palmipedumIin
1524 3135 1765 3201 genere
1806 3121 1970 3200 sunt,
2010 3115 2105 3180 uti
2147 3119 2432 3180 anseres.
2451 3123 2524 3181 et

345 3223 684 3311 aquaticae
726 3222 883 3290 fere·
906 3242 1084 3289 aves.
1160 3220 1478 3288 Aduncos
1516 3244 1765 3309 tmgues
1806 3220 2113 3290 habentia
2154 3244 2352 3290 carne
2369 3228 2514 3290 'ta'n-
2603 3261 2608 3268 -

346 3338 481 3398 tum
519 3337 862 3404 vescuntur
922 3351 1009 3396 ex
1054 3338 1259 3418 parte·
1276 3329 1580 3419 magna.“
1662 3329 1782 3396 Sin
1835 3338 2049 3400 autem
2095 3329 2290 3398 illum-
2322 3331 2520 3404 Plinii

345 3436 581 3506 librum
599 3437 967 3526 diligentius
993 3438 1373 3525 inspexeris,
1399 3436 1897 3526 haudquaquam
1923 3446 2167 3505 certam
2193 3439 2524 3528 quandam

347 3546 564 3636 legem
590 3569 736 3616 eum
763 3546 1142 3616 observasse
1169 3545 1480 3632 invenies,
1508 3546 1628 3614 sed
1645 3546 1921 3632 ordines,
1948 3546 2252 3634 familias,
2274 3567 2524 3636 genera

348 3655 514 3723 adeo
553 3655 889 3724 miscuisse
931 3677 1014 3722 ac
1051 3654 1366 3743 turbasse,
1405 3665 1478 3722 ut
1503 3677 1756 3722 omnem
1794 3677 2033 3721 nexum
2075 3664 2139 3722 et
2170 3655 2520 3722 cohaeren-

346 3764 506 3831 tiam
543 3785 802 3891 prorsus
842 3761 1302 3832 desideremus.
1387 3763 1563 3832 Sic
1540 3786 1610 3831 ιιι
1660 3764 1870 3853 capite
1916 3762 2233 3851 vigesimo
2284 3763 2519 3854 Rapta-

348 3870 593 3939 toribus
629 3873 773 3961 jam
811 3872 965 3940 satis
1014 3874 1445 3963 pertractatis:
1504 3871 1765 3960 „Nunc,
1805 3871 2036 4016 inquit,
2102 3870 2184 3939 de
2236 3872 2519 3941 secundo

450 4007 535 4074 12)
569 4007 676 4061 Cir.
711 4007 860 4075 epist.
895 4006 992 4075 111,
1025 4009 1075 4062 δ.
