2844 4944
1344 320 1421 388 21

306 506 787 597 quadrupedum
850 504 1126 572 disserit.
1232 503 1467 592 „Long
1524 513 1806 591 tempsy‚
1867 504 2075 592 inquit
2122 504 2361 592 Belon,
2435 528 2476 572 a

206 682 213 689 ,
307 611 491 697 qu'on
532 608 737 674 amis
776 628 859 672 en
900 606 1112 690 doute,
1171 605 1215 671 a
1253 605 1470 671 saveir
1519 605 1580 670 si
1616 603 1684 669 la
1722 603 1959 673 Souri
1999 605 2307 673 chauve
2344 606 2475 674 de-

305 710 443 775 voit
480 717 648 775 estre
686 707 850 772 mise
893 728 981 772 au
1018 705 1287 772 nombre
1341 703 1468 771 des
1512 726 1820 793 oyseaux,
1872 726 1957 771 on
2008 726 2092 771 au
2142 729 2309 794 reng
2358 705 2475 773 des

306 798 610 877 mimaux
645 815 1004 873 terrestres.
1089 806 1396 892 Parquoy
1438 815 1666 893 ayants
1706 807 1932 871 trouve
1983 805 2117 871 lieu
2156 829 2199 872 a
2236 828 2477 895 propos

173 897 180 905 ’
306 917 485 975 entre
525 929 644 973 nos
687 926 985 994 oyseaux
1019 906 1102 972 de
1142 906 1311 989 nuit,
1359 927 1534 975 nous.
1573 927 1617 971 a
1670 905 1915 972 semble
1955 905 2087 972 bon
2126 926 2210 972 no
2250 928 2480 996 passer

305 1008 505 1075 oultre
546 1030 696 1072 sans
740 1029 822 1072 en
861 1007 1026 1072 faire
1068 1005 1342 1093 quelque
1382 1007 1544 1093 petit
1584 1005 1935 1072 discours.“
1953 1011 1981 1045 ²
1996 1006 2057 1092 ⁷)
2141 1006 2221 1073 In
2249 1006 2479 1073 eodem

306 1109 514 1196 eapite
555 1108 979 1195 proprietates
1022 1105 1301 1194 exponit,
1344 1128 1505 1192 quas
1548 1129 1693 1172 cum
1720 1104 2172 1172 Mammalibus
2201 1116 2265 1171 et
2288 1128 2477 1193 prae-

305 1209 492 1296 cipue
536 1230 681 1272 cum
716 1206 906 1271 Mure
950 1227 1316 1271 communes
1356 1204 1614 1291 habeat,
1657 1227 1789 1272 non
1823 1205 2169 1294 perhibens
2199 1206 2480 1295 quidem,

304 1308 533 1395 quibus
576 1306 800 1372 ductus
843 1306 1054 1371 causis
1097 1328 1245 1370 eum
1285 1305 1514 1371 avibus
1557 1305 2058 1394 adjudicaverit&

466 1406 721 1472 Eodem
762 1406 968 1471 etiam⁴
995 1426 1163 1471 anno
1203 1404 1446 1493 prodiit
1486 1404 1827 1471 Gesneri
1878 1404 2181 1490 „historia
2233 1406 2478 1472 anima·

303 1506 457 1573 lium
497 1505 664 1572 liber
701 1505 824 1590 111,
868 1506 980 1592 qui
1021 1514 1120 1571 est
1159 1504 1241 1571 de
1292 1506 1511 1571 avium
1559 1505 1848 1589 natura,“
1902 1528 2064 1593 opus
2115 1504 2481 1573 incredibili

303 1606 512 1672 studio
557 1605 952 1672 elaboratum
991 1606 1363 1693 ingentique
1420 1606 1799 1694 scriptorum
1841 1605 2129 1694 ejusdem
2169 1607 2479 1672 materiae

303 1708 668 1794 cognitione
730 1707 1169 1793 compositum.
1255 1705 1449 1791 Quod
1511 1705 1855 1771 dolendum
1923 1715 2021 1771 est
2073 1704 2480 1794 alphabetico

304 1807 528 1873 ordine
570 1807 946 1898 dispositum
988 1828 1132 1872 esse
1175 1812 1240 1870 et
1276 1805 1550 1893 proinde
1600 1814 1820 1871 nostro
1871 1807 2199 1894 proposito
2251 1826 2481 1894 parum

302 1908 536 1974 afferre
572 1907 884 1973 utilitatis.
955 1905 1315 1972 Falleretur
1356 1915 1589 1990 autem,
1632 1907 1689 1971 si
1729 1907 1873 1992 quis
1915 1914 2241 1971 auctorem
2266 1907 2480 1994 ipsum

303 2007 709 2096 alphabetico
750 2014 1116 2073 contentum
1154 2006 1353 2070 fuisse
1395 2005 1621 2071 ordine
1664 2014 1975 2071 censeret.
2028 2005 2200 2071 Nam
2233 2014 2298 2070 et
2336 2006 2477 2093 ipse

304 2117 373 2174 et
409 2109 739 2197 superiore
781 2115 1067 2195 tempore
1106 2104 1413 2172 Albertus
1441 2105 1742 2193 Magnus,
1786 2114 2091 2191 quantum
2130 2106 2345 2171 vitiosi
2381 2106 2480 2171 in-

303 2209 386 2274 sit
422 2208 494 2274 in
532 2208 649 2273 tali
688 2206 910 2273 ordine
925 2255 944 2290 ‚
984 2228 1117 2272 non
1164 2207 1538 2292 ignorantes
1591 2205 1752 2270 locis
1802 2204 2051 2271 idoneis
2102 2205 2227 2270 hoc
2276 2205 2481 2271 libere

204 2314 218 2324 ‘
300 2309 585 2396 pmfessi
620 2315 783 2372 sunt.
802 2310 830 2345 ²
846 2306 909 2391 ⁸)
951 2304 1279 2372 Gesnerus
1318 2307 1517 2393 igitur
1553 2306 1622 2370 in
1645 2305 1953 2375 leonibus
1989 2306 2306 2393 posterius
2347 2305 2482 2371 edi-

302 2409 385 2488 tis
427 2407 908 2495 systematicum
950 2405 1240 2471 ordinem
1277 2407 1349 2472 in
1386 2428 1573 2472 usum
1613 2405 1887 2471 vocavit.
1972 2405 2273 2471 Ceterum
2319 2405 2484 2471 falso

303 2508 562 2574 videtur
579 2507 860 2596 Spixius
879 2511 907 2545 ²
922 2507 983 2593 ⁹)
1015 2508 1326 2591 statuisse,
1370 2506 1733 2572 Gesnerum
1773 2507 1842 2571 in
1884 2505 2009 2572 hoc
2047 2529 2242 2596 opere
2269 2506 2481 2606 Bello-

303 2610 480 2674 nium
520 2630 894 2696 usurpasse,
957 2629 1153 2694 quum
1197 2616 1262 2673 et
1310 2629 1457 2671 eum
1511 2606 1680 2671 inter
1731 2606 1941 2672 fontes
1992 2629 2122 2673 non
2177 2608 2358 2692 citet,
2422 2615 2487 2672 et

162 2795 174 2807 .
276 2710 628 2795 ·ut1·iusque
672 2729 874 2796 opera
915 2706 1146 2773 eodem
1187 2728 1356 2772 anno
1400 2706 1575 2772 edita
1614 2707 1760 2772 sint.

469 2809 731 2873 Praeter
770 2806 889 2873 hos
929 2808 1123 2891 vireat,
1168 2806 1249 2871 de
1291 2806 1525 2893 quibus
1569 2807 2008 2893 exposuimuS,
2051 2829 2265 2873 rerum
2300 2816 2483 2872 natu-

306 2907 538 2974 ralium
580 2907 851 2973 scientia
900 2905 1504 2972 Aldrovandum
1558 2927 1865 2992 magnum
1922 2907 2157 2994 adepta
2209 2916 2304 2972 est
2357 2905 2485 2972 cul-

305 3018 531 3075 torem.
613 3008 903 3072 Primum
945 3008 1082 3095 ejus
1138 3028 1296 3095 opus
1341 3005 1551 3072 tribus
1598 3005 2028 3072 voluminibus
2080 3007 2266 3072 annis
2324 3005 2487 3072 1599

305 3109 576 3173 -1603.
632 3106 871 3172 editum
924 3129 963 3172 e
1000 3108 1235 3195 vigint-i
1285 3107 1480 3182 libris
1518 3116 1819 3173 constans
1857 3116 2151 3172 versatur
2202 3109 2271 3172 in
2318 3106 2484 3172 orni-

303 3208 613 3296 thologia.
670 3207 1007 3272 Rationem
1034 3207 1500 3295 ornitbologiae
1519 3206 1897 3272 tractandae
1923 3208 1992 3271 in
2011 3206 2487 3295 prolegomenis

306 3309 379 3375 ‘m
418 3306 912 3394 ornithologiam
959 3306 1137 3391 (tom.
1178 3308 1237 3373 Ι.
1278 3309 1349 3373 in
1387 3306 1706 3395 particula
1746 3307 1875 3392 „de
1901 3307 2169 3373 ordine“
2210 3329 2364 3395 pag.
2395 3305 2486 3392 7.)

309 3410 669 3497 reperimus
710 3406 987 3474 huncce:
1056 3407 1264 3492 „Nam
1294 3430 1440 3473 cum
1480 3429 1694 3474 rerum
1720 3406 2107 3473 naturalium
2137 3409 2263 3473 rivi
2302 3409 2484 3472 innu-

310 3507 671 3574 merabiles
697 3508 859 3593 sint,
900 3507 1175 3595 ideoque
1218 3531 1437 3575 earum
1481 3508 1813 3576 historiam
1852 3508 2174 3596 perpolire
2217 3507 2486 3573 arduum

413 3690 500 3754 27)
534 3688 778 3741 l'histoim
813 3689 879 3740 de
910 3690 966 3741 la
996 3696 1182 3742 nature
1215 3691 1307 3743 des
1342 3707 1590 3757 oyseaux.
1655 3691 1774 3744 Lir,
1809 3691 1878 3755 11,
1914 3691 2485 3758 ehap.39.pag.146.

410 3771 496 3840 28)
532 3767 810 3824 Gesneri
839 3773 960 3827 hist.
995 3791 1081 3825 an
1116 3774 1180 3825 de
1224 3774 1576 3842 quadrupedis
1610 3780 1661 3825 et
1700 3775 1966 3841 vivipariS.
2023 3773 2197 3828 Praef.
2229 3774 2299 3825 ad
2327 3775 2486 3826 lecto·

310 3872 436 3908 rem.
511 3850 821 3908 Albertus
875 3857 1155 3927 Magnus
1205 3858 1271 3909 de
1284 3859 1721 3926 proprietatibus
1770 3858 2085 3910 animalium.
2156 3858 2278 3911 Lib.
2317 3857 2489 3924 xxn,

362 3943 462 3991 act.

311 3946 362 3992 2¹·
414 3939 846 4091 29)1Goechichto
874 4026 985 4077 und
998 4026 1377 4092 Bourtheilung
1407 4025 1537 4078 aller
1553 4027 1841 4093 systemei
1822 4027 1879 4076 in
1896 4025 1988 4077 der
2002 4025 2254 4094 Zoologie
2299 4040 2353 4092 p.
2370 4025 2492 4077 254.
