2844 4944
1348 292 1449 359 015

331 477 498 566 quod
535 496 743 564 genus
783 474 1111 542 Aristoteli
1141 478 1282 564 Jam
1324 475 1523 542 fuisse
1565 476 1889 562 cognitum
1917 473 2092 543 haud
2115 472 2310 540 facile
2350 494 2494 563 pro·-

330 586 471 653 bari
511 587 728 674 possit.
753 589 773 625 ¹
790 585 875 669 ⁸),
2497 604 2506 615 ·

486 695 641 760 «Iam
696 712 889 781 quum
929 690 1173 763 Plinius
1223 701 1289 757 et
1343 697 1605 779 prepter
1645 691 1868 756 critici
1917 691 2165 777 ingenii
2217 691 2498 780 inopiam

332 812 393 868 et
431 810 844 891 systematum
881 798 1354 887 neglectionem
1395 797 1746 865 clarissimo
1776 820 1890 865 suo
1920 800 2315 867 antecessori
2339 799 2510 866 mul·'

333 921 464 978 tum
506 910 723 995 eedat,
782 909 944 996 quid
974 906 1255 974 tandem
1292 906 1661 995 judicemus
1714 907 1796 973 de
1839 907 2145 993 Solino,
2210 907 2365 996 quid
2417 908 2499 974 de

333 1018 697 1102 Aeliano,
747 1016 904 1105 quid
956 1016 1038 1083 de
1083 1014 1493 1104 Oppiano‘?
1557 1017 1846 1099 Quorum
1895 1016 2139 1104 primus
2185 1016 2326 1082 fere
2392 1039 2503 1082 ex-

336 1135 552 1216 cerpta
593 1125 918 1214 quaedam
958 1147 1046 1191 ex
1082 1120 1273 1190 Plinii
1314 1125 1568 1213 seriptis
1615 1123 1934 1207 exhibuit-3
1986 1123 2303 1190 secundus
2346 1146 2505 1213 opus

335 1235 513 1302 libris
555 1232 1011 1322 septemdecim
1052 1234 1448 1321 conseripsit,
1469 1234 1559 1300 ,in
1599 1254 1724 1320 quo
1767 1254 1962 1320 quum
1992 1234 2208 1299 varias
2233 1231 2507 1300 fabellas

337 1342 418 1408 de
459 1341 842 1409 animalibus
882 1340 1246 1430 promiscue
1286 1343 1591 1427 narravit,
1632 1351 1767 1408 tum
1804 1364 2111 1429 magnum
2137 1343 2350 1409 avium
2378 1344 2505 1424 shu-

336 1473 583 1518 merum
634 1450 1039 1533 memoravit3
1104 1451 1323 1515 tertius
1378 1449 1655 1536 denique
1706 1451 1776 1515 in
1815 1457 2122 1537 poemate
2172 1466 2508 1539 ,.‚·1;=aevroxq·‘‚

341 1559 425 1626 de
468 1559 743 1646 aucupio
784 1558 1241 1624 sermocinatus
1295 1567 1393 1624 est
1443 1566 1723 1645 systema
1762 1557 1957 1624 Plinii
2005 1566 2279 1624 seeutus.·
2362 1558 2511 1625 Hoe

343 1666 603 1755 quidem
641 1684 879 1755 poema
914 1686 1029 1732 suo
1076 1674 1365 1754 tempore
1422 1667 1508 1733 ab
1558 1665 1851 1732 omnibus
1910 1665 2241 1733 laudatum
2296 1674 2394 1733 est
2445 1674 2513 1733 et

341 1783 588 1866 patrem
627 1774 903 1841 auctoris
942 1775 1014 1840 in
1053 1773 1413 1841 libertatem
1454 1773 1744 1858 restituit,
1787 1773 1904 1840 sed
1936 1794 2133 1861 quum
2158 1774 2345 1842 nobis
2369 1782 2510 1841 tan-

342 1895 473 1951 tum
514 1906 553 1950 e
594 1884 1013 1973 posteriorum
1064 1883 1443 1971 scriptorum
1491 1884 1812 1948 mentione
1853 1883 2248 1968 innotuerit‚·
2274 1891 2517 1950 certum

343 1992 606 2082 aliquod
645 1991 727 2058 de
770 2013 849 2057 eo
878 1990 1194 2080 judicium
1234 1991 1454 2059 facere
1500 2011 1632 2059 non
1668 2012 2024 2076 possumus.
2048 1994 2071 2029 ⁸
2093 1990 2152 2076 Ι’)

510 2102 591 2167 In
632 2100 759 2166 hac
797 2090 1158 2166 miserrima
1198 2099 1562 2166 conditione
1603 2120 1708 2165 ars
1741 2100 2153 2187 systematica
2178 2099 2347 2165 intra
2373 2118 2522 2187 spa··

345 2211 504 2276 tium
570 2207 938 2296 quindecim
1006 2206 1406 2274 saeculorum
1474 2207 1896 2296 permanebat
1970 2215 2035 2274 et
2108 2206 2364 2274 Wotto
2376 2228 2518 2274 nus

348 2319 592 2407 primus
633 2316 770 2398 fuit,
813 2316 926 2402 qui
965 2336 1133 2381 anno
1179 2316 1342 2382 1552
1381 2324 1664 2404 systema
1703 2322 1982 2383 statuere
2025 2323 2287 2381 conatus
2329 2323 2447 2382 est.

514 2423 691 2492 Sane
731 2444 864 2491 non
905 2423 1134 2491 desunt
1173 2422 1462 2512 quidem,
1514 2425 1624 2512 qui
1662 2424 1770 2492 illo
1810 2433 2096 2512 tempore
2132 2436 2331 2511 opera
2365 2444 2519 2491 zoo-

348 2533 566 2622 logica
593 2533 981 2621 scripserint,
1025 2532 1215 2621 quale
1253 2542 1352 2598 est
1392 2533 1969 2621 „Etymologicon“
2009 2534 2259 2600 Isidoro
2286 2533 2522 2622 Hispa-

228 2689 243 2700 ·
349 2641 538 2708 liensi
577 2649 838 2708 auctore
880 2649 945 2705 et
984 2640 1108 2725 „de
1149 2639 1524 2706 animalium
1563 2641 2095 2729 proprietatibus“
2138 2642 2224 2709 ab
2254 2642 2524 2709 Alberto

354 2769 590 2838 magno
654 2749 893 2816 editum
956 2749 1314 2836 similiaque
1370 2750 1490 2815 ¹vix
1552 2749 1753 2837 digna
1766 2799 1783 2834 ‚
1847 2772 2013 2838 quae
2074 2759 2522 2817 memorentur.

355 2857 463 2923 De
504 2856 615 2922 illo
643 2858 792 2946 jure
835 2856 989 2922 dicit
1030 2856 1417 2943 Ouvier¹⁸):
1460 2857 1563 2942 „A
1602 2858 1744 2923 vrai
1785 2857 1943 2943 dire,
1988 2880 2073 2924 on
2109 2879 2195 2924 ne
2236 2858 2418 2948 parle
2444 2859 2529 2925 de

355 2987 476 3032 son
515 2987 801 3053 ouvrage
858 2963 1019 3031 dans
1076 2964 1376 3031 l'histoire
1427 2966 1541 3032 des
1583 2966 1874 3031 sciences
1924 2988 2050 3054 que
2094 2988 2341 3033 comme
2383 2949 2530 3034 d'tui

356 3082 727 3142 monument
780 3072 863 3139 de
912 3072 1301 3160 l'ignorance
1345 3074 1461 3140 des
1507 3082 1713 3162 temps
1765 3074 1850 3140 ou
1897 3073 1946 3139 il
1993 3073 2257 3141 vivait.“
2338 3075 2532 3163 Huic3

359 3182 652 3270 quamvis
694 3177 1002 3250 animalia
1042 3182 1390 3250 secundum
1439 3181 1909 3270 alphabeticum
1961 3183 2249 3250 ordinem
2290 3184 2552 3268 deseri-5

360 3292 579 3378 pserit,
623 3311 706 3356 ea
744 3288 1006 3376 quidem
1046 3287 1183 3355 laus
1226 3277 1644 3358 concedenda
1684 3300 1806 3376 est,
1857 3275 2031 3378 quod
2083 3293 2152 3358 in
2192 3277 2376 3359 libro·
2399 3292 2530 3360 ela-

363 3397 655 3466 borando
676 3397 1018 3464 Aristotele
1039 3419 1192 3468 usus
1213 3406 1328 3464 est.
1382 3399 1626 3466 Verum
1653 3398 1995 3466 redeamus
2025 3400 2111 3467 ad
2137 3399 2532 3468 Wottonmn:

529 3506 948 3574 Eduardus
1008 3507 1419 3575 Wottonus
1478 3528 1649 3573 anne
1713 3507 1879 3574 1552
1938 3528 2097 3597 opus
2159 3509 2535 3616 inscriptum

471 3703 556 3773 m)
590 3705 697 3758 Cfr.
731 3719 890 3774 supra
919 3723 1043 3775 pag.
1079 3711 1160 3760 11.

471 3789 555 3856 1⁷)
591 3788 698 3841 Cfr.
743 3789 948 3855 Cuvier,
990 3791 1202 3843 histoire
1244 3791 1337 3843 des
1381 3792 1458 3842 sci
1459 3806 1613 3843 enees
1655 3791 1952 3844 natm-elles.
2027 3743 2326 3855 Qninzieme
2371 3792 2537 3860 leven.

367 3872 519 3924 Tem.
552 3871 596 3935 1,
626 3887 750 3941 pag.
782 3876 897 3927 299

472 3957 555 4023 18)
588 3956 623 4009 1.
658 3971 703 4009 e.
736 3956 1110 4025 vingt-uniens
1142 3958 1309 4024 leeon.
1376 3958 1527 4012 Tom.
1558 3958 1602 4023 1,
1634 3974 1758 4026 pag.
1790 3959 1906 4012 390.
