2844 4944
1414 292 1490 356 17

359 478 746 562 memoratis,
774 498 979 563 quam
1014 477 1149 564 ejus
1184 454 1633 562 designatione
1664 475 1986 561 doeemur,
2022 474 2122 542 his
2160 476 2391 543 avibus
2426 496 2528 542 cm

358 585 732 652 haerentem
760 585 1050 652 ordinem
1084 583 1274 650 effici.
1325 584 1712 673 Inscriptum
1739 584 1913 649 enim
1941 592 2038 649 est
2057 588 2212 671 cap.
2238 583 2376 649 142.
2408 582 2531 668 „do

358 694 440 759 iis
479 693 742 778 avibus,
786 714 952 779 quae
990 692 1276 759 maxima
1318 714 1402 758 ex
1446 702 1627 779 parte
1657 691 1985 759 vermibus
2017 691 2288 778 aliisque
2317 693 2390 758 id
2417 715 2531 779 ge·

356 823 479 867 nus
516 800 911 869 animalculis
940 801 1184 885 vivunt,
1232 817 1511 885 σκωληκοῃ
1521 814 1638 886 ἄγα
1677 799 2032 866 dicuntur.“
2095 800 2276 882 Quas
2313 802 2533 866 tamen

361 910 780 998 proprietates
810 931 1004 997 quum
1032 931 1399 974 communes
1428 909 1712 993 habunt
1753 930 1898 974 cum
1923 909 2375 994 Scansoribus,
2419 909 2530 975 de*

358 1018 635 1104 signatio
676 1019 745 1083 in
786 1017 978 1083 titulo'
1007 1038 1317 1104 expressa
1355 1039 1667 1103 perquam
1699 1017 1942 1082 'vitiosa
1983 1025 2097 1082 est.

531 1125 685 1191 Jam
723 1126 792 1191 in
841 1147 1026 1212 capp.
1076 1123 1380 1189 143—48.
1413 1144 1533 1189 eae
1561 1124 1914 1212 Fidipedes
1958 1132 2324 1211 sequuntur,
2368 1146 2534 1211 quae

359 1233 539 1301 circa
597 1242 830 1320 aquam
901 1235 1152 1317 vivunt,
1215 1232 1444 1319 quibus
1506 1242 1765 1319 praeter
1825 1232 2334 1299 Grallatores
2410 1232 2535 1298 hae

358 1363 610 1430 quoque
665 1351 1111 1409 accensentur:
1161 1340 1443 1424 Anthus,
1486 1340 1734 1407 Aleedo
1750 1390 1767 1424 ,
1811 1339 2093 1406 Cinclus.
2179 1340 2356 1429 Cap..
2391 1341 2533 1407 148.

359 1449 691 1515 ordiuntur
715 1449 1162 1536 Aquaticae
1205 1448 1559 1535 graviores,
1603 1471 1770 1535 quae
1800 1470 2020 1514 omnes
2047 1449 2535 1538 palmipede:

361 1567 526 1622 sunt.
613 1558 758 1640 Quo
809 1558 878 1622 in
930 1556 1152 1623 ordine
1207 1579 1338 1621 non
1384 1565 1515 1622 tam
1557 1557 1779 1642 facile,
1841 1566 1911 1622 ut
1959 1559 2029 1624 in
2081 1559 2535 1645 superioribus,

360 1665 605 1733 alienas
668 1688 823 1732 aves
873 1667 1103 1732 afferre
1165 1666 1396 1754 potuit,
1461 1687 1657 1751 quum
1717 1667 1973 1731 nomine
2035 1667 2175 1753 ipso
2239 1665 2540 1754 separati

364 1774 586 1841 classis
650 1784 950 1841 accurate
1013 1774 1368 1841 definiatur.
1476 1773 1634 1862 Cap.
1683 1775 1822 1839 151.
1866 1781 2171 1840 tractatur
2231 1774 2328 1841 Ul
2335 1798 2484 1864 pup
2497 1796 2539 1842 a

360 1882 538 1953 nulla
579 1882 773 1949 allata
813 1904 1028 1967 causa,
1082 1905 1198 1951 cur
1238 1883 1319 1949 .in
1357 1880 1484 1947 hoc
1533 1883 1930 1969 potissimum
1983 1880 2128 1947 loco
2178 1881 2344 1949 haec
2396 1884 2537 1951 avi·

220 2014 224 2019 ·
364 1990 730 2059 collocetur.
775 1989 1142 2077 Sequuntur
1166 1989 1693 2075 Monstrosae,
1737 1992 1805 2055 in
1834 1989 2065 2076 quibus
2091 2012 2222 2055 non
2253 1990 2363 2058 diu
2391 1992 2533 2057 ver*¹

361 2099 634 2166 sandum
676 2109 789 2166 est.
875 2100 1175 2186 Denique
1216 2100 1286 2166 in
1328 2121 1471 2186 cap.
1504 2099 1643 2164 153.
1685 2098 1832 2165 finis
1872 2098 1943 2163 fit
1980 2120 2101 2185 per
2142 2097 2535 2165 Struthio·

360 2229 407 2271 n
420 2227 560 2292 em,
603 2209 774 2296 quod
812 2219 1009 2296 caput
1032 2206 1205 2273 nihil·
1219 2217 1316 2272 est
1339 2207 1466 2273 nisi
1491 2205 1766 2271 fideliter
1793 2228 2105 2295 expressa
2111 2207 2537 2274 adumbratio

361 2314 786 2383 Aristoteleae
831 2316 914 2381 de
957 2314 1190 2381 eodem
1231 2315 1495 2381 animali
1535 2314 1969 2401 expositionis.

527 2422 682 2490 Jsm
724 2446 809 2491 ex
849 2423 1120 2511 sing-ulis
1149 2424 1468 2511 capitibus
1497 2422 1898 2508 exhibendis,
1941 2423 2171 2510 quibus
2199 2423 2538 2491 Wottonus

362 2551 520 2598 aves
561 2531 917 2620 descripsit,
960 2534 1243 2621 perspici
1268 2542 1495 2621 potest,
1538 2553 1732 2619 quam
1767 2519 2011 2621 proprii
2031 2532 2275 2621 judicii
2305 2554 2539 2622 expers

361 2650 603 2725 ageret,
644 2641 814 2707 unde
853 2642 992 2708 fere
1032 2663 1362 2729 nunquam
1401 2641 1490 2725 fit,
1539 2649 1608 2706 ut
1647 2640 1853 2706 fontes
1868 2690 1887 2726 ‚
1940 2661 1977 2706 e
2021 2641 2254 2728 quibus
2307 2641 2538 2727 hausit,

361 2746 559 2812 falsos
599 2757 854 2836 arguat,
906 2750 1025 2816 sed
1064 2750 1272 2838 potius
1312 2748 1507 2815 Plinii
1546 2748 1653 2815 vel
1691 2749 2121 2838 ineptissimas
2161 2752 2540 2817 recitantem

364 2853 636 2924 fabellas
678 2857 1033 2942 videamus,
1088 2877 1359 2945 quarum
1407 2856 1718 2944 quasdam
1773 2878 1971 2944 supra
2020 2859 2537 2924 memoravimus.

370 2962 524 3044 Qua
561 2972 776 3029 tamen
802 2965 1037 3054 judicii
1078 2975 1142 3031 et
1170 2965 1377 3032 critici
1414 2965 1661 3052 ingenii
1699 2966 1969 3052 penuria
2010 2968 2248 3031 omissa
2288 2967 2352 3032 ei
2376 2965 2541 3033 haec

363 3069 506 3137 laus
557 3070 899 3139 tribuenda
949 3083 1073 3158 est,
1136 3075 1311 3162 quod
1365 3074 1607 3162 primus
1623 3121 1641 3157 ‚
1706 3075 1997 3159 quamvis
2058 3074 2541 3161 insufficienter,

365 3177 876 3267 systematice
919 3181 1280 3271 zoologiam
1318 3182 1617 3250 tracmit
1673 3182 1935 3270 ejusque
1977 3181 2253 3271 diligens
2293 3183 2539 3249 Aristo·-

364 3287 508 3356 telis
549 3284 828 3354 studium
869 3289 1099 3375 effecit,
1140 3300 1210 3357 ut
1246 3292 1487 3379 posteri
1527 3289 1868 3377 scriptores
1910 3312 2216 3378 magnam
2256 3292 2543 3379 ejusdem

366 3396 670 3483 operibus
712 3418 978 3484 operam
1016 3409 1258 3468 navare
1297 3400 1672 3486 inciperent.
1757 3398 1871 3466 S’m
1911 3399 2131 3487 quod
2109 3422 2250 3488 1pse
2273 3399 2538 3470 inchoa-

366 3505 480 3588 vit,
522 3526 856 3576 successor
898 3507 1034 3595 ejus
1074 3506 1319 3576 Belon
1370 3507 1608 3594 optimo
1663 3508 1872 3575 studio
1920 3530 2001 3575 ac
2042 3529 2346 3578 successu
2391 3515 2539 3574 eon-

372 3612 660 3679 tinuavit.

532 3720 788 3788 Belon
815 3722 916 3789 du
941 3722 1160 3789 Mans
1188 3723 1521 3791 itineribus
1550 3724 1735 3792 annis
1768 3723 2072 3791 1546-9,
2100 3743 2219 3812 per
2237 3739 2542 3824 magnam

367 3837 618 3916 partem
657 3829 980 3919 Europae,
1020 3832 1243 3916 Asiae,
1282 3831 1546 3899 Africae
1588 3833 1774 3899 factis
1815 3854 1999 3898 suam
2024 3854 2237 3900 rerum
2281 3840 2540 3900 namra·

367 3936 524 4003 lium
576 3946 640 4004 et
688 3939 1085 4027 pofissimuna
1136 3940 1471 4029 zoologiae
1533 3940 1866 4007 scientiam
1924 3942 2207 4006 maxime
2259 3939 2538 4029 locuple-

685 4055 697 4068 ·
2120 4045 2152 4092 2
