2844 4944
1354 294 1460 360 '12
1589 397 1598 402 ἣ

327 478 736 547 Aristotelem
778 500 865 545 ex
908 454 1010 547 his
1051 478 1299 546 avibus-
1330 476 1723 566 shgulmm
1772 475 2061 545 ordinem
2122 475 2499 545 confecisse.

326 588 780 655 Scansores
797 610 954 663 vero
976 587 1268 674 quamvis
1287 585 1663 665 Aristoteles
1685 608 1772 653 ex
1788 594 2005 655 nostro
2025 585 2286 672 quidem
2306 607 2499 652 sensu

323 696 683 805 ignoraret,
742 705 959 763 tamen
1007 694 1259 784 pedem
1298 695 1698 761 scansorium
1744 694 1949 778 novit,
2009 703 2081 761 ut
2139 714 2225 760 ex
2285 695 2498 783 capite

329 804 712 871 duodecimo
761 792 913 871 libri
967 804 1179 890 quarti
1221 800 1302 869 de
1343 811 1507 890 part.
1560 825 1666 869 an.
1720 801 1896 871 clare
1949 801 2221 889 intellig-i
2269 811 2496 890 potest.

321 911 550 980 Vffirba
587 921 734 979 sunt
769 910 1038 979 haecce:
1071 919 1454 999 ἤδῖογξμόν
1456 928 1669 999 ufto·
1646 920 2089 985 stoechas-‘nr
2121 920 2501 984 mii-8035

324 1036 656 1112 inaquam
755 1018 1007 1087 Similia
1070 1022 1284 1109 capite
1366 1020 1747 1087 duodecimo
1828 1019 1978 1087 libri
2054 1019 2321 1086 secundi
2412 1019 2496 1086 dc

322 1128 472 1194 hist.
542 1151 649 1195 an.
716 1130 936 1197 refert.
1045 1129 1158 1195 Ex
1221 1128 1395 1212 loco,
1465 1150 1657 1216 quem
1722 1136 2114 1217 postremum
2183 1150 2494 1197 memora-

310 1238 557 1323 vimus,
619 1239 957 1304 maniffisto
1008 1236 1228 1324 colligi
1276 1245 1514 1326 potest,
1575 1234 1747 1303 hanc
1806 1256 1994 1303 avem
2044 1235 2324 1324 Iyngom
2367 1246 2495 1303 tor-

322 1345 591 1432 quillam
626 1367 795 1423 esse
838 1355 903 1413 et
953 1347 1235 1415 maxime
1248 1343 1725 1411 admirandum
1764 1352 1890 1428 est,
1951 1344 2062 1430 qui
2111 1344 2351 1411 factum
2395 1342 2500 1430 sit,

317 1462 391 1519 ω
425 1476 642 1519 rerum
679 1454 1063 1520 naturalium
1088 1455 1581 1543 sagacissimum
1605 1451 1787 1518 illum
1822 1460 2242 1519 scrutatorem
2269 1453 2499 1541 fugel-,e

305 1563 613 1650 potuerit,
639 1563 879 1650 pedem
904 1563 1304 1655 scansorium
1329 1561 1518 1631 totius
1546 1560 1881 1650 cujusdam
1907 1560 2150 1626 ordinis
2167 1563 2499 1651 proprim

314 1672 483 1736 csse.
537 1670 675 1747 Sed
710 1670 1258 1757 transgrediamur
1299 1669 1386 1736 ad
1426 1669 1766 1735 Cursore
1781 1692 1834 1752 s,
1874 1689 2035 1755 quos
2077 1690 2273 1756 quum
2298 1670 2494 1757 inpri-

310 1778 447 1847 -mis
487 1776 886 1857 Struthiones
926 1778 1388 1865 intelligamus,
1441 1777 1551 1843 hic
1599 1799 1731 1843 non
1779 1776 2058 1843 alienum
2106 1777 2360 1843 videtur
2412 1777 2497 1843 de

314 1894 537 1952 vetere
566 1886 1022 1973 controversia,
1059 1896 1272 1954 utrum
1297 1885 1674 1953 Aristoteles
1699 1876 2126 1953 struthionem
2144 1887 2313 1952 inter
2338 1906 2494 1973 qua-

312 1993 656 2083 drupedes,
697 2016 785 2061 an
823 1996 992 2061 inter
1030 2017 1189 2062 aves
1234 1995 1594 2078 inseruerit,
1646 1992 1957 2060 nonnulla
1996 1992 2351 2083 disputare,
2401 1995 2495 2061 ita

317 2124 512 2187 vero,
550 2111 624 2168 ut
659 2102 836 2181 litem
873 2124 1007 2169 non
1045 2124 1304 2192 prorsus
1358 2120 1742 2190 componere
1798 2123 1878 2167 ac
1921 2102 2241 2169 conficere
2294 2110 2494 2168 tente-

314 2231 479 2296 mus,
519 2213 922 2338 praesentim
956 2232 1154 2299 quum
1184 2211 1314 2279 ab
1293 2232 1437 2300 lpso
1456 2210 1840 2277 Aristotele
1820 2233 1890 2276 m
1906 2210 2124 2277 medio
2142 2209 2370 2277 relicta
2390 2212 2493 2279 sit.

478 2318 630 2385 Non
669 2318 904 2409 injuria
948 2321 1284 2404 miramur,
1340 2320 1517 2407 quod
1562 2319 1833 2407 Meyer¹
1852 2319 1911 2404 ι)
1964 2327 2277 2403 statuens,
2327 2319 2498 2385 inter

316 2449 474 2494 aves
511 2438 910 2495 numeratum
952 2451 1094 2496 esse
1137 2426 1567 2495 Struthionem
1616 2427 1701 2495 ab
1737 2426 2120 2513 Aristotele,
2172 2428 2260 2496 ad
2308 2449 2496 2495 suam

314 2538 695 2604 sententiam
731 2537 1135 2627 probandam
1171 2536 1332 2602 nihil
1371 2536 1549 2602 aliud
1590 2537 1777 2603 affert
1825 2557 2021 2624 quam
2059 2534 2492 2621 Aristotelem,

315 2645 377 2712 si
415 2644 798 2711 struthionis
839 2646 1096 2733 saepius
1136 2645 1524 2710 mentionem
1563 2644 1851 2730 fecisset,
1881 2653 2079 2712 vcerte
2128 2646 2298 2712 inter
2334 2667 2494 2713 aves

318 2752 499 2820 illum
534 2763 945 2843 recepturum
981 2753 1213 2819 fuisse.-
1290 2751 1627 2834 Quomodo
1680 2753 1892 2819 minus
1939 2762 2118 2821 recte
2158 2754 2492 2844 judicasse

313 2860 586 2949 videtur,
627 2885 825 2950 quum
866 2885 903 2929 e
944 2861 1086 2929 loco
1128 2861 1213 2929 ab
1255 2862 1399 2950 ipso
1444 2863 1636 2928 citato
1679 2863 2066 2929 contrarium
2107 2864 2317 2951 potius
2344 2885 2489 2952 pro-

317 2969 487 3036 deat.
576 2970 691 3038 Ait
749 2971 923 3037 enim
969 2969 1346 3036 Aristoteles
1410 2971 1621 3058 capite
1684 2968 2084 3057 duodecimo,
2144 2971 2215 3037 in
2258 2972 2487 3038 avibus

312 3066 665 3146 metandis
705 3103 777 3145 se
816 3101 967 3148 non-
988 3080 1308 3167 copiosius
1351 3079 1435 3144 de
1457 3076 1825 3143 Struthione
1854 3077 2334 3168 disputaturum,
2375 3079 2492 3145 sed

312 3185 486 3252 hunc
523 3196 785 3276 propter
821 3185 1183 3275 singulares
1227 3189 1365 3276 ejus
1406 3185 1749 3273 qualitates
1799 3189 2148 3275 separatim
2185 3196 2486 3256 tractatu-

308 3315 474 3379 mm,
514 3295 687 3382 quod
725 3296 796 3361 in
836 3315 981 3384 cap.
1023 3295 1209 3363 XIV.
1249 3296 1506 3383 legitur.
1568 3339 1576 3348 .
2471 3279 2480 3288 ’

312 3453 321 3460 -
475 3402 622 3472 Etsi
659 3402 827 3471 haec
867 3404 1097 3470 divisio
1135 3403 1330 3470 modo
1373 3425 1460 3471 ex
1486 3425 1634 3488 una,
1673 3404 1865 3471 modo
1895 3427 1981 3471 ex
2011 3404 2213 3471 altera
2239 3408 2486 3473 ratione

311 3512 514 3602 petita
568 3510 757 3579 nobis
807 3512 1069 3580 omnino
1114 3512 1496 3601 imperfecta
1542 3512 1823 3598 videtur,
1883 3521 2102 3578 tamen
2160 3513 2322 3581 tales
2382 3538 2488 3582 res

311 3642 569 3710 semper
607 3620 693 3688 ab
717 3620 1063 3687 Aristotele
1103 3619 1629 3709 respiciebanmr,
1659 3642 1839 3708 ,quae
1870 3642 2066 3708 quum
2093 3624 2314 3690 avium
2338 3642 2483 3712 pro-

312 3731 495 3819 priae
547 3738 739 3818 atque
795 3738 1157 3798 constantes
1198 3731 1355 3816 sint,
1412 3727 1876 3819 posterioribus
1924 3730 2486 3822 investigatoribus

416 3963 502 4030 11)
535 3963 644 4017 cfr.
677 3964 983 4017 Aristoteles
1014 3964 1350 4018 mamae
1382 3980 1507 4033 pag.
1542 3967 1655 4018 153.
1743 3933 1780 4000 ‘-
